3030 4944
333 416 514 477 inuisus
531 419 564 492 Q.
584 422 618 478 n.
636 420 838 479 munuum.
874 423 1053 481 sussum.
1215 425 1252 480 ss

239 773 300 829 Rex
324 780 444 831 sutem
469 776 506 830 in
524 775 686 832 Buiourism
711 778 905 849 proiectus
931 779 1079 834 eandem
1104 780 1253 851 provin·

132 844 221 900 oium
241 863 317 907 eum
342 848 418 900 suis
442 847 613 902 terminis
632 848 821 903 ordinavit
838 854 945 919 etque
970 849 1119 924 disposuit3
1145 855 1253 922 etque

133 932 197 987 inde
222 951 394 1007 regressus
425 935 454 988 in
480 936 681 1008 Aquisgrsui
705 937 808 1008 palatio
834 955 912 1006 suo,
945 926 1005 991 ubi
1029 928 1251 1006 hiemaverat,

132 1026 173 1146 etl
185 1021 281 1147 {lenit
290 1023 400 1077 Domini
419 1024 600 1079 natalicium
624 1030 843 1095 sanctumque
860 1027 962 1097 pssohs
977 1036 1071 1081 more
1084 1017 1248 1084 solemni⁸

133 1109 191 1147 oee
211 1111 268 1147 ran
282 1137 288 1151 .

653 1490 727 1561 789.

240 1594 521 1651 nccnxxxvml.
572 1595 672 1651 Νιιῐίοι
708 1598 881 1667 quaedam
916 1597 1180 1653 sclavenorum
1213 1602 1255 1654 est

133 1673 170 1735 in
194 1671 389 1750 Germania,
414 1683 518 1739 sedens
543 1702 652 1754 super
670 1685 734 1740 litus
753 1686 870 1748 oceani,
895 1704 979 1755 quse
996 1687 1115 1758 proprio
1138 1687 1255 1759 lingua

134 1770 308 1839 welautib,
333 1772 525 1827 francicae
555 1778 675 1828 sutem
694 1772 826 1829 wiltzis
849 1780 997 1829 voestur.
1038 1763 1090 1828 Fla
1112 1763 1254 1835 Francis

134 1869 267 1934 semper
289 1849 428 1914 inimios
452 1853 488 1914 et
503 1849 634 1915 vicinos
655 1870 743 1926 suos,
768 1863 815 1933 qui
833 1862 953 1918 mancis
965 1851 1019 1918 vel
1036 1853 1182 1919 subiecti
1198 1855 1254 1924 vsl

134 1932 286 1987 loedemti⁰
316 1937 407 2000 erant,
439 1931 536 1986 odiis
560 1933 739 1988 insectari
765 1934 938 2005 belloque
963 1953 1128 2005 premere
1154 1954 1193 1992 so
1217 1938 1254 1992 lu·

134 2023 251 2078 cessiro
277 2022 428 2076 solebat.
471 2008 578 2073 Cuius
605 2010 828 2075 insolentiam
851 2032 910 2075 rex
934 2011 1071 2096 longius
1094 2013 1161 2079 sibi
1184 2035 1254 2079 non

134 2099 313 2164 ferendum
336 2102 433 2162 ratus
451 2110 531 2165 bello
550 2128 623 2164 eam
643 2110 817 2181 adgredir
839 2113 975 2166 statuit
998 2105 1254 2187 conparatoque

134 2188 268 2272 ingenti
291 2187 445 2252 exercitu
470 2198 635 2254 Rhenums
664 2200 757 2270 opud
776 2197 919 2254 Coloniam
939 2201 1079 2257 traiecit.
1116 2201 1187 2257 Inde
1205 2221 1255 2273 psr

134 2288 282 2344 Saxonium
307 2289 360 2343 iter
378 2305 502 2358 agens,
528 2305 603 2343 cum
628 2289 662 2342 sd
680 2288 793 2343 Albium
811 2289 1042 2359 pervenisset,
1066 2280 1187 2343 eastris
1217 2280 1252 2344 in

134 2367 208 2451 ripa
231 2366 352 2450 positis
371 2394 507 2431 omnem
526 2377 650 2432 duobus’
666 2377 797 2447 pontibus
814 2377 952 2445 iunxit,
972 2396 1089 2447 quorum
1108 2397 1207 2433 unum
1220 2398 1255 2434 ox

135 2472 250 2535 utroque
268 2467 357 2535 eapite
381 2454 472 2518 vallo
496 2466 612 2520 munivit
642 2458 678 2519 et
700 2455 851 2539 inposito
875 2455 1047 2539 praesidio
1071 2457 1252 2521 firmavitss.

55 2581 57 2584 ·
135 2555 218 2624 lpse
243 2555 344 2610 fluvio
369 2556 492 2621 transito,
529 2564 597 2625 quo
636 2544 880 2619 constituerat,
923 2546 1111 2608 exercitum
1154 2545 1254 2610 duxit

134 2644 336 2713 ingressusque
350 2641 559 2697 wiltzorumh
581 2647 681 2697 terrum
703 2636 829 2696 cuncta
848 2633 941 2697 ferro
960 2636 996 2697 et
1011 2628 1101 2717 ἱξῐιίἰ
1125 2636 1255 2714 mitari

133 2722 244 2805 iussit.
302 2720 369 2784 Sed
405 2740 489 2803 gens
523 2719 601 2796 illo,
635 2721 790 2803 quamvis
826 2720 991 2786 bellicosa
1025 2717 1082 2788 etk
1120 2724 1154 2786 in
1190 2727 1254 2788 sua

135 2810 381 2875 numerositate
416 2810 609 2886 confidens,
652 2810 821 2894 impetum
862 2811 1034 2876 exereitus
1069 2812 1156 2895 regii
1191 2812 1252 2877 diu

135 2900 303 2963 sustinere
326 2919 396 2961 non
412 2896 544 2961 voluit⁴
568 2918 608 2962 ae
633 2899 785 2982 proinde,
811 2920 889 2982 cum
910 2900 1058 2983 primum
1076 2900 1252 2965 civitatem

134 2987 325 3071 Drugswiti
352 2990 493 3050 ventum
518 2990 580 3062 est,
611 3021 653 3030 -
685 2988 817 3056 nemis
848 2982 987 3052 ceteris¹
1020 2981 1248 3052 Wiltzorumh

134 3075 264 3159 regulis
298 3077 334 3139 et
368 3074 552 3139 nobilitate
587 3077 722 3159 generis
753 3079 788 3140 et
821 3077 1030 3140 auctoritate
1063 3078 1252 3141 senectutis

294 3281 603 3334 El.2.t.(⁴.t.)6.'l.(8.)

134 3337 154 3388 ι)
167 3337 285 3386 sollempni
298 3339 318 3379 6,
332 3339 351 3378 l.

240 3391 286 3432 789.
313 3393 335 3436 s)
349 3390 474 3430 sulsuoruru
488 3391 508 3432 6,
523 3391 547 3439 ῖς
567 3389 680 3430 slsuorum
695 3390 715 3433 8.
799 3390 822 3436 b)
837 3390 950 3432 uuesslml
965 3391 983 3433 7.
1070 3393 1091 3437 e)
1106 3391 1219 3431 franciae·
1233 3392 1253 3433 6.

133 3440 157 3491 d)
171 3444 239 3485 uuilzl
254 3446 277 3494 ³3
294 3444 361 3483 uuilei
375 3445 400 3493 ὸς
416 3443 477 3483 ulltzl
492 3445 516 3493 ⁷3
532 3443 597 3484 uulltl
612 3445 632 3482 8.
695 3447 716 3491 e)
730 3444 800 3497 leder.
813 3445 833 3486 t.
847 3445 871 3495 65
888 3445 931 3486 led.
945 3445 963 3486 ³.
979 3446 998 3486 7.
1059 3445 1152 3493 {lagga
1166 3445 1185 3487 8.
1199 3445 1219 3487 6.
1233 3446 1253 3486 l.

129 3502 156 3545 -gl
170 3497 263 3538 hrenum
278 3498 303 3547 ³5
319 3508 395 3537 renum
409 3497 429 3537 5,
443 3499 463 3538 6,
524 3497 547 3544 h)
562 3497 687 3537 uultzorum
702 3499 726 3548 ²3
741 3497 864 3537 uullzorum
878 3499 902 3548 33
918 3497 1038 3538 uuiltoruru
1052 3498 1072 3540 8.
1134 3496 1150 3545 l)
1164 3499 1217 3550 lgns
1230 3500 1251 3540 ³.

135 3550 228 3597 klslust
241 3552 261 3592 ³.
274 3552 295 3591 5.
350 3550 365 3599 Ι)
379 3550 474 3592 coeteris
490 3551 507 3589 l.
521 3551 540 3592 3.

243 3694 268 3761 1)
289 3693 348 3743 Vlla
363 3691 462 3744 Koroli
474 3694 522 3746 12:
542 3690 655 3758 sclavis,
668 3689 713 3759 qui
726 3695 819 3743 nostro
831 3689 1027 3744 cousuetudine
1041 3691 1129 3758 Wilzi,
1142 3691 1252 3759 proprie

134 3780 198 3816 vero
218 3802 224 3814 .
245 3803 252 3814 .
272 3801 278 3814 .
297 3762 436 3816 Welstsbi
452 3761 592 3829 ¹dicuntur,
611 3762 713 3816 bellum
732 3761 847 3815 inlutum
866 3766 915 3817 est.
929 3801 936 3820 .
950 3805 977 3817 ..
997 3760 1085 3815 (lausa
1102 3761 1168 3816 belli
1185 3765 1252 3829 erat,

135 3832 207 3900 quod
227 3833 386 3900 Abeuntes,
413 3834 459 3902 qui
478 3851 540 3888 eum
560 3833 671 3886 Fruneis
689 3832 753 3886 olim
772 3831 906 3886 foederati
925 3836 1011 3898 erunt,
1037 3831 1143 3885 assidua
1161 3833 1252 3886 ineur-

134 3904 209 3956 sione
236 3904 410 3959 lacessebant.
436 3944 442 3957 .
470 3948 475 3959 .
502 3904 582 3958 Sinus
607 3902 717 3972 quidam
743 3904 777 3957 sb
802 3902 966 3958 occidentali
990 3919 1092 3957 oceano
1117 3903 1252 3957 orientem
1288 3909 1292 3918 ’

134 3990 225 4028 versus
245 3975 403 4048 porrigitur.
424 4019 429 4030 .
450 4019 456 4030 .
483 3974 565 4030 Hune
583 3975 686 4028 multae
704 3973 904 4028 circumsedent
922 3974 1053 4029 nationes.
1073 4017 1079 4028 .
1100 4015 1106 4028 .
1130 3973 1170 4026 At
1187 3974 1252 4028 litus

134 4045 252 4099 australe
270 4045 361 4100 Solsvi
375 4090 381 4101 .
396 4089 401 4100 .
417 4090 422 4101 .
443 4047 572 4099 incolunt.
650 4049 678 4112 2)
698 4047 769 4100 Aua.
783 4046 862 4101 Folo.
877 4050 943 4106 789:
963 4043 1131 4118 Constructis
1144 4044 1252 4099 (luobus

134 4118 271 4185 pontibus,
296 4135 413 4188 quorum
439 4118 555 4170 alterum
575 4159 581 4171 .
602 4157 608 4171 .
628 4159 634 4171 .
654 4116 785 4184 munivit,
811 4117 925 4171 transito
952 4115 1063 4168 [lumine
1082 4111 1251 4183 selavorum,

134 4188 181 4256 qui
199 4197 333 4243 voeuutur
351 4189 440 4257 wilzi,
458 4192 558 4240 terrum
579 4186 715 4256 ingressus
734 4205 779 4242 eos
799 4232 805 4242 .
825 4231 831 4244 .
852 4231 858 4243 .
882 4186 982 4241 dicioni
1001 4203 1066 4239 suus
1089 4186 1251 4257 subiugavit.

133 4263 161 4321 3)
179 4262 237 4316 Lis.
264 4261 348 4329 XXI,
372 4264 422 4318 57:
447 4275 529 4327 opere
555 4275 655 4329 magno
680 4259 815 4314 munitum
842 4263 870 4312 et
892 4257 982 4311 valido
1008 4256 1147 4311 firmatum
1174 4275 1251 4328 prse-

133 4330 203 4384 sidio
221 4333 294 4398 (Mn.
385 4335 413 4398 4)
425 4332 466 4395 Cf.
480 4333 553 4384 oses.
571 4332 602 4383 de
618 4330 641 4385 b.
657 4331 729 4385 Gall.
744 4333 765 4398 l,
779 4333 828 4386 ⁸26:
847 4328 950 4383 diutius
968 4344 1032 4384 eum
1050 4329 1183 4384 sustinere
1201 4345 1250 4382 no·

128 4394 252 4458 'strurum
273 4403 403 4473 impetum
423 4418 478 4454 uon
497 4405 608 4471 possent
626 4404 701 4469 (Mn.
