3030 4944
379 406 563 465 suranna
581 406 614 478 ι).
632 406 666 463 n.
686 404 892 463 nmnsnnr.
928 406 1035 464 msa.
1047 409 1107 464 aaa.
1272 412 1308 466 oo

184 609 433 671 ceterorum,
453 602 508 671 qui
537 589 751 674 persuasioni
779 590 854 654 eius
886 610 1015 655 morem
1042 595 1202 674 gerentes
1229 606 1307 657 tan-

183 681 256 731 tum
274 674 421 730 facinus
439 678 648 744 peregerunt,
675 690 787 742 usque
812 672 853 727 ad
877 676 1007 742 quattuor
1025 673 1103 728 milia
1119 673 1163 728 D⁰
1186 673 1307 728 traditi

131 820 134 827 ,
185 768 218 819 et
236 780 345 833 super
363 763 507 817 Alaramr
529 761 672 816 fluvium
692 762 726 816 iu
745 763 828 828 loco,
853 750 913 833 qui
936 749 1130 815 Perdun‘l·¹
1152 753 1306 829 vocatur,

184 841 279 906 iussu
310 840 402 924 regis
437 858 556 904 omnes
585 860 656 904 una
687 839 742 905 die
773 851 921 906 decollati³
950 858 1039 907 sunt.
1086 849 1307 905 Huiusmodi

185 941 318 996 vindicta
341 944 512 1010 patratar
541 956 604 994 rex
627 939 858 995 Theodonevilla
880 929 918 992 in
948 927 1116 992 hiberno³
1139 929 1307 993 concessit

185 1029 309 1100 ibique
327 1029 448 1084 natalem
467 1029 588 1097 Domini,
609 1028 661 1083 ibi
681 1034 709 1083 et
726 1027 827 1098 pascha
851 1038 944 1082 moro
968 1016 1072 1081 solito
1095 1029 1253 1086 celebravit.

712 1186 787 1259 783.

289 1309 528 1368 DchXXXffl.
581 1301 796 1365 Adridente⁸
823 1299 913 1365 veris
942 1301 1122 1385 temperie,
1154 1322 1233 1367 cum
1263 1301 1308 1367 ad

183 1390 440 1476 expeditionem
475 1388 681 1454 Saxonicum
715 1409 751 1454 se
785 1392 1034 1474 praeparasset,
1070 1424 1115 1434 —
1148 1411 1228 1454 nam
1263 1391 1306 1456 de

183 1479 382 1544 omnimoda
405 1499 524 1543 eorum
549 1478 745 1544 defectione
775 1478 820 1542 ad
850 1498 929 1542 eum
958 1472 1151 1562 perlatumb
1178 1479 1306 1556 fuerat,

184 1602 225 1613 -
245 1569 449 1654 priusquam
481 1567 524 1633 de
554 1570 745 1632 memorata
767 1566 850 1631 villa
875 1572 1038 1645 moveret,
1068 1578 1249 1651 Hildigordis
1265 1597 1307 1634 re-

183 1669 248 1740 gina
266 1685 355 1722 uxor
374 1667 452 1722 eius
470 1667 627 1722 decessit
639 1665 830 1724 II.Kal.Mei.
855 1654 963 1720 Ollius
983 1655 1098 1721 funeri
1119 1677 1196 1720 cum
1213 1677 1307 1722 more

184 1744 349 1811 solemnii
370 1745 463 1809 iusta
478 1743 690 1830 persolveret
698 1746 721 1821 ⁴,
746 1755 780 1808 in
800 1755 971 1824 Saxoniom,
995 1745 1085 1809 sicut
1102 1745 1306 1830 dispositum
1331 1752 1334 1759 ’

184 1833 346 1910 habebat,
376 1844 475 1899 duxit
501 1845 715 1900 exercitum.
761 1843 919 1914 Cumque
943 1843 1066 1900 Saxones
1092 1845 1120 1900 in
1146 1845 1307 1914 cnloco,

183 1917 243 1987 qui
271 1914 474 1972 'i'heotmelli‘l
505 1921 676 1984 vocatur,
711 1915 753 1968 ad
780 1933 909 1986 pugnam
937 1932 974 1970 se
1001 1933 1178 1986 praeparare
1213 1932 1307 1970 com·

183 2006 360 2076 perisset,
389 2003 431 2058 ad
459 2021 534 2072 eos,
567 1996 699 2076 quanta
728 1993 844 2077 potuit
874 1992 1062 2069 celeritate,
1094 2004 1306 2072 contendit;

183 2076 449 2146 commissoque
467 2093 544 2131 cum
563 2076 616 2130 eis
634 2075 800 2145 ριοιιΙίοθ·Β
817 2080 922 2129 tanta
941 2092 996 2130 eos
1014 2074 1136 2130 caedes
1158 2079 1308 2145 prostra-

183 2148 264 2216 vit',
302 2152 333 2201 ut
370 2147 412 2202 de
449 2146 719 2202 innumerabili
763 2163 887 2201 eorum
924 2147 1122 2202 multitudine
1155 2163 1220 2216 par
1246 2147 1307 2201 auci

184 2218 300 2275 evasisse
331 2218 515 2276 dicantur.
562 2217 719 2288 Cumque
750 2217 792 2272 de
822 2218 903 2272 loco
931 2217 1091 2287 proeliic
1121 2217 1156 2272 ad
1184 2215 1208 2272 P
1251 2234 1307 2271 ra·

184 2306 344 2363 brunnonll
367 2325 403 2361 se
429 2324 506 2362 cum
528 2307 651 2362 exercitu
669 2307 882 2376 recepisset
904 2296 1009 2378 atque
1032 2295 1082 2359 ibi
1106 2294 1227 2360 castris
1251 2313 1306 2378 po·

183 2385 258 2449 sitis
289 2387 424 2469 partem
455 2384 640 2461 exercitus,
674 2405 762 2467 quae
795 2384 910 2448 adhuc
941 2383 983 2448 de
1014 2383 1161 2449 Francia
1190 2382 1307 2448 venire

184 2472 368 2549 debuerat,
401 2472 611 2556 operiretur,
643 2484 790 2539 audivit
814 2482 938 2540 Saxones
969 2472 1006 2535 in
1037 2472 1164 2538 finibus
1195 2471 1306 2538 West·

182 2555 372 2628 falaorum¹
399 2587 509 2643 super
526 2573 642 2627 fluvium
660 2572 778 2628 Hesarn
799 2562 844 2625 cd
867 2563 933 2626 hoc
953 2572 1176 2643 congregari,
1195 2565 1238 2625 ut
1257 2560 1307 2625 ibi

183 2671 262 2716 cum
286 2670 336 2722 eo.
362 2650 391 2714 si
413 2651 574 2727 venisset,
598 2650 672 2715 acie
696 2649 933 2735 confligerent.
973 2648 1049 2728 Quo
1072 2649 1196 2715 nuntio
1220 2670 1307 2715 com·

183 2743 297 2805 motus
322 2739 484 2804 adunatis
495 2738 515 2816 ⁷,
541 2759 628 2822 quae
652 2742 729 2803 tum
753 2740 797 2803 ad
814 2760 850 2804 se
866 2740 1033 2804 venerant
1049 2758 1201 2822 quasque
1225 2741 1306 2804 ante

183 2848 300 2894 secum
335 2827 502 2905 habebat,
544 2827 755 2892 Francorum
793 2828 901 2913 copiis
938 2838 980 2892 od
998 2839 1133 2905 locum,
1164 2839 1211 2894 ubi
1242 2854 1306 2893 oon-

183 2928 332 3001 gregati
351 2933 471 2995 erant,
497 2917 570 2980 sine
588 2916 756 2981 dilatione
778 2928 973 2997 proiectus
993 2932 1048 2981 est
1066 2944 1306 2997 congressus·

183 3017 249 3069 qua
269 3017 344 3054 cum
365 2999 417 3052 eis
438 2999 577 3065 eadem,
603 3017 670 3068 qua
689 3005 723 3053 et
748 3000 866 3068 prius,
886 2998 1079 3052 felicitate
1101 2998 1306 3055 dimicavit.

184 3087 294 3142 (laesa
323 3092 378 3141 est
406 3087 521 3142 eorum⁸
549 3088 576 3140 in
586 3087 600 3139 f
604 3087 700 3141 inita
728 3087 900 3154 multitudo,
941 3074 1119 3158 spoliaque
1159 3076 1304 3159 direpta,

184 3165 399 3250 captivorum
416 3184 553 3258 quoque
570 3184 717 3247 magnus
733 3157 927 3229 abductusli
948 3166 1001 3228 est
1014 3179 1186 3228 numerus.
1217 3173 1306 3229 Inde

183 3248 273 3302 victor
303 3247 344 3300 ad
375 3251 558 3302 orientem
592 3247 647 3300 iter
680 3247 871 3301 convertit
900 3247 1092 3316 primoque
1122 3262 1234 3315 usque
1265 3244 1306 3298 ad

184 3464 208 3508 ιι)
221 3464 279 3501 caet.
298 3463 317 3505 1.
331 3461 351 3504 2.
365 3461 385 3503 o.
398 3464 419 3503 o.
500 3406 737 3511 o)qorngeou)1-r.
817 3458 842 3511 p)
859 3460 946 3500 alarum
960 3460 984 3509 23
1009 3459 1095 3500 alarum
1110 3471 1168 3500 corr.
1186 3459 1271 3500 ohram
1287 3460 1306 3504 1.

184 3516 207 3564 q)
220 3513 279 3560 rer-dl
293 3515 312 3557 1.
325 3515 350 3562 8)
367 3514 425 3555 lardi
439 3511 572 3565 (=terdim)
583 3514 607 3564 23
624 3513 680 3553 {endi
695 3515 714 3555 o.
727 3515 747 3555 o.
762 3515 781 3556 1.
835 3513 855 3564 r)
869 3518 999 3564 perpetrata
1012 3513 1031 3555 1.

291 3568 337 3610 183.
364 3565 574 3615 ι)Αη·11.1.6.1.
629 3566 652 3616 b)
666 3566 722 3617 perr.
736 3568 766 3606 ao
780 3577 830 3607 eum
844 3567 864 3610 1.
917 3563 939 3615 c)
952 3566 1049 3607 sollemni
1063 3566 1088 3618 23
1103 3566 1221 3616 sollempni
1232 3566 1277 3609 1.(1.
1287 3567 1305 3608 1.

184 3618 207 3667 d)
221 3623 298 3660 teotm.
313 3620 335 3660 (i.
390 3624 412 3669 e)
425 3618 473 3672 pilo
486 3621 505 3664 1.
520 3621 540 3664 d.
554 3621 574 3663 ’1.
628 3618 715 3666 {laede
729 3620 748 3664 ³.
762 3621 781 3662 6.
797 3622 815 3663 l.
873 3617 1051 3672 ε)ῖι1118,1.1.
1106 3620 1130 3668 h)
1157 3619 1272 3670 patherbr.
1286 3619 1304 3661 6.

184 3672 201 3720 1)
214 3672 375 3714 uuesttslorum
390 3675 409 3716 8.
423 3677 443 3717 o.
459 3675 482 3726 ⁷3
498 3673 676 3715 contrariorum
689 3674 709 3715 8.
763 3673 787 3723 k)
801 3673 911 3714 adductus
925 3675 944 3716 6,
960 3674 978 3716 l.

292 3814 319 3896 1)
343 3815 453 3887 Verdm.
533 3818 560 3880 2)
580 3816 651 3868 Aan.
666 3814 745 3869 Fuld.
758 3817 805 3878 (=
816 3814 898 3880 sita)
912 3817 979 3870 782:
1000 3829 1116 3882 quorum
1135 3829 1209 3866 mors
1227 3817 1304 3881 quat·

183 3887 247 3937 tuor
274 3885 382 3937 milium
411 3890 439 3938 et
466 3889 680 3954 quingentorum
707 3884 851 3938 hominum
879 3883 1060 3938 decollatione
1086 3883 1225 3938 vindicata
1256 3888 1304 3939 est.

183 3956 211 4021 3)
232 3956 274 4021 Cf.
289 3957 346 4012 Lir.
360 3957 440 4022 XXI,
455 3959 503 4012 15:
523 3956 551 4008 in
569 3955 686 4009 hiberna
703 3954 890 4009 Hannibalem
909 3953 1159 4025 concessissem).
1212 3955 1241 4025 1)
1261 3955 1304 4018 Cf.

184 4026 260 4081 Cure.
273 4028 340 4091 Rus.
352 4027 399 4092 VI,
410 4031 435 4093 6,
448 4030 497 4094 19;
510 4026 599 4080 funeri
619 4025 763 4079 adiuturus
776 4066 782 4080 .
797 4067 803 4080 .
818 4068 824 4079 .
838 4032 869 4078 ut
881 4025 952 4078 iusta
964 4023 1043 4078 fratri
1054 4026 1222 4093 persolveret
1231 4026 1303 4091 (11.1.

184 4096 212 4163 δ)
236 4098 307 4151 Ana.
331 4098 413 4153 Fuld.
435 4100 502 4154 783:
537 4096 633 4150 Garlus
661 4095 784 4150 Saxones
818 4095 925 4149 duobus
955 4096 1062 4165 magnis
1090 4096 1201 4164 proeliis
1229 4095 1303 4150 vicit.

184 4168 211 4234 6)
230 4168 275 4232 (fs.
296 4170 371 4222 Cmr.
392 4168 655 4234 Ruf.111,11,14:
682 4166 787 4236 ingenti
806 4165 890 4219 caede
914 4171 1100 4234 prosternunt,
1118 4167 1170 4232 Il',
1192 4170 1233 4232 15,
1256 4169 1303 4221 10:

186 4236 290 4306 ingenti
302 4237 386 4291 caede
399 4238 635 4307 prostremam).
691 4239 718 4305 1)
731 4239 773 4301 CT.
787 4239 900 4304 Fraom.
913 4238 994 4292 Boo.
1008 4239 1069 4302 (SS.
1082 4238 1166 4302 XIH,
1175 4241 1224 4302 30)
1236 4238 1304 4291 783:

185 4307 358 4376 adunatoque
384 4315 412 4362 et
437 4312 518 4363 aucto
544 4307 674 4363 exercitu.
754 4310 782 4376 8)
802 4310 874 4363 Ana.
888 4309 968 4364 Feli.
982 4311 1049 4364 783:
1068 4309 1190 4362 inmensa
1209 4322 1305 4361 eorum

187 4378 360 4438 multitudine
380 4379 533 4434 interiecta.
570 4378 676 4432 Eodem
696 4394 767 4431 anno
786 4396 835 4433 rex
854 4377 1013 4432 Fastradam
1033 4378 1112 4432 duxit
1130 4393 1252 4433 uxorem.

1073 4487 1091 4541 ὅ
