3030 4944
293 455 345 511 146
486 448 669 507 ornatas
687 448 811 506 REGNI
828 448 1080 508 masconta,
1116 450 1153 508 A.
1161 453 1223 508 817.

291 637 415 702 ficatus
431 637 618 700 honoremu
637 633 736 699 velut
750 634 931 719 inpactum
946 634 1137 699 adseverat.
1176 633 1283 699 Missa
1299 639 1416 703 tamen

292 727 364 791 alia
389 724 565 808 legatione
595 727 773 809 pactnml,
792 723 900 808 ‘quod
930 743 1008 787 cum
1037 724 1313 808 praecessoribus
1344 728 1416 791 suis

290 816 426 881 iactum
449 817 534 890 erat,
559 814 665 878 etiarn
688 832 805 877 secum
828 812 904 878 fieri
920 815 956 878 et
972 811 1014 876 fir
1029 813 1116 877 mari
1130 813 1276 897 rogavit.
1312 814 1499 892 Hauon„

291 904 501 988 legationem
517 901 719 966 Theodorus
734 901 973 969 nomenclator
988 904 1024 967 et
1048 901 1176 967 detulit
1192 907 1228 967 et
1252 923 1301 980 ea,
1326 925 1415 988 quae

291 993 450 1078 petierat,
474 990 685 1076 impetravit.

200 1106 281 1158 aas.
400 1079 501 1145 Feria
530 1079 670 1163 quinta,
702 1100 771 1163 qua
794 1086 905 1144 cenav
932 1080 1075 1144 Domini
1098 1080 1304 1160 celebratur,
1336 1105 1416 1148 eum

290 1171 480 1255 imperator
514 1167 558 1233 ab
591 1167 738 1236 ecclesia
770 1173 909 1253 peracto
944 1189 1041 1235 sacro
1083 1170 1200 1236 officio
1235 1177 1414 1248 remearet,

291 1259 408 1343 lignea
441 1257 612 1346 porticus,
648 1277 711 1342 per
745 1277 848 1341 quam
881 1257 1080 1338 incedebat,
1117 1280 1196 1325 cum
1226 1264 1262 1326 et
1296 1261 1415 1347 fragili

291 1347 438 1414 materia
460 1350 551 1412 esset
574 1346 789 1412 aedificataw
813 1350 849 1411 et
871 1350 956 1413 tunc
979 1349 1049 1414 iam
1072 1349 1226 1415 marcida
1248 1354 1285 1416 et
1301 1355 1415 1436 putre·

290 1439 400 1515 facta,
434 1456 523 1521 quae
556 1434 853 1519 contignationem
886 1439 923 1501 et
955 1435 1155 1503 tabulatum
1184 1440 1413 1518 sustinebant,

291 1529 444 1590 transtra
467 1524 603 1610 pondus
627 1523 769 1608 aliquod
798 1524 889 1590 ferre
912 1546 983 1589 non
1006 1531 1163 1610 possent,
1193 1529 1413 1595 incedentem

291 1617 439 1700 desuper
468 1615 713 1699 imperatorem
743 1610 861 1678 subita
889 1614 1013 1678 ruina¹
1043 1635 1122 1680 cnm
1151 1615 1278 1699 viginti
1307 1621 1343 1682 ot
1373 1639 1415 1684 eo

290 1703 441 1788 amplius
464 1700 673 1782 hominibus,
698 1703 758 1787 qui
781 1723 852 1767 una
873 1699 983 1781 ibant,
1008 1703 1053 1768 ad
1075 1707 1204 1769 terram
1228 1725 1336 1789 usque
1360 1707 1416 1772 de·

291 1793 418 1878 posuit.
465 1790 534 1872 Qui
557 1811 657 1857 casus
680 1813 760 1857 oum
782 1792 964 1877 plerosque
988 1814 1030 1859 ex
1053 1793 1117 1871 his,
1149 1794 1209 1878 qui
1232 1794 1336 1859 simul
1360 1795 1416 1862 de·

291 1883 457 1967 siderant,
488 1882 641 1966 graviter
664 1879 865 1958 adfecisset,
896 1881 950 1946 illi
972 1885 1091 1948 tamen
1114 1883 1204 1947 nihil
1228 1883 1325 1948 aliud
1348 1885 1416 1951 lae·

290 1972 417 2037 sionis¹
435 1971 568 2048 intulit,
586 1974 744 2058 praetery
763 1970 857 2056 quod
873 1971 998 2057 capulo
1013 1971 1133 2055 gladii,
1151 1993 1219 2056 quo
1236 1973 1415 2039 accinctus

291 2064 375 2139 erat,
398 2061 461 2125 imi
484 2061 633 2146 pectoris
648 2080 728 2146 pars
744 2060 885 2125 sinistra
900 2063 1045 2126 contusa
1061 2064 1115 2128 est
1130 2065 1166 2126 et
1182 2063 1275 2127 auris
1291 2064 1416 2128 dextra

290 2149 328 2214 in
357 2153 456 2234 parte
486 2150 675 2233 posteriore
704 2149 901 2228 vulnerata,
936 2150 1052 2215 femur
1086 2171 1222 2235 qnoque
1253 2151 1415 2218 dextrum

291 2237 471 2302 cuiusdam
507 2236 595 2326 ligni
631 2239 783 2323 pondere
810 2238 909 2303 iuxta
936 2239 1083 2322 inguina
1112 2239 1291 2304 conlisum.
1343 2241 1414 2306 Sed

290 2326 459 2391 instantia
481 2327 710 2405 medicorum,
739 2327 799 2411 qui
829 2321 862 2392 ei
885 2347 1003 2392 euram
1027 2327 1251 2405 adhibebant,
1280 2349 1415 2394 summa

186 2414 470 2490 laaretz-itate
501 2414 688 2480 convaluit.
734 2415 826 2480 Nam
854 2415 1027 2492 vicesima,
1059 2419 1243 2500 postquam
1269 2416 1307 2481 id
1330 2419 1415 2483 acci-

291 2504 401 2583 derat,
426 2503 482 2569 die
497 2502 751 2588 Noviomagum
767 2503 945 2589 profectus
959 2507 1091 2569 venatu
1105 2511 1199 2570 sese¹
1221 2506 1413 2572 exercebat.

213 2616 281 2669 (ιιι.)
396 2592 499 2658 Unde
529 2612 686 2658 reversus
716 2592 912 2677 generalem
944 2592 1092 2678 populi·
1126 2594 1181 2657 sui
1204 2599 1414 2683 conventum

289 2674 521 2767 Aquisgranib
555 2703 649 2748 more
684 2681 802 2748 solito'
822 2681 961 2760 babuit,
994 2682 1032 2746 in
1066 2703 1134 2767 quo
1169 2682 1280 2747 filium
1312 2705 1414 2750 snum

289 2772 560 2860 primogenitum
589 2771 836 2836 Hlotharium⁰
865 2771 1044 2837 coronavit
1074 2776 1110 2838 et
1136 2773 1286 2837 nominis
1309 2777 1414 2858 atque

289 2859 968 3034 {aaziae
989 2856 1414 3036 terebraret

291 3033 494 3105 conventus
521 3043 679 3125 peracto,
711 3061 790 3105 curn
805 3039 933 3124 Vosegi
962 3040 1093 3105 saltum
1121 3041 1273 3106 venandi
1299 3042 1414 3125 gratia

290 3131 434 3213 peteret,
468 3129 588 3193 obvios
609 3128 735 3193 habuit
758 3128 893 3212 legatos
915 3127 1042 3194 Leonis
1064 3127 1296 3214 imperatoris;
1327 3149 1413 3214 qnos

202 3237 370 3292 (isaacum
392 3217 430 3280 in
453 3216 711 3300 Ingilenbaimss
743 3215 876 3301 palatio
904 3215 1004 3282 iuxta
1025 3209 1309 3302 Mogontiacumh
1335 3219 1414 3283 civi·

288 3308 399 3372 tatem
423 3305 577 3372 audisset
600 3326 640 3371 ac
663 3305 874 3391 legationem
897 3325 1015 3371 eorum
1030 3326 1102 3372 non
1117 3306 1222 3373 aliam
1237 3326 1321 3386 esse,
1345 3307 1414 3373 nisi

289 3416 393 3480 quam
407 3394 586 3461 Niciforus
610 3395 765 3462 eiusdem
787 3395 1007 3480 imperatoris
1026 3395 1164 3482 legatus
1178 3395 1333 3482 proxime
1356 3396 1414 3461 ad·

288 3483 428 3563 tulerat,
453 3485 685 3571 comperisset,
717 3485 877 3553 celeriter
899 3484 1077 3552 absolutos
1105 3486 1237 3552 dimisit
1267 3489 1312 3565 et,
1343 3507 1413 3572 quo

288 3572 466 3651 tendebat,
491 3575 730 3658 proficiscitur.

450 3799 1077 3854 sanast)nr.(a).s.11.s.t.(ao.)at.a.

288 3853 313 3901 ιι)
327 3853 435 3894 tontum
449 3853 577 3904 inpulsam
591 3853 705 3893 induravit
719 3858 743 3895 et
756 3857 847 3905 pactum
861 3854 908 3897 86.
921 3855 942 3895 7.
990 3854 1015 3906 v)
1028 3866 1100 3896 mena
1109 3855 1154 3896 01.
1164 3854 1212 3898 1³1.
1221 3855 1270 3899 Et.
1315 3853 1345 3904 w)
1359 3855 1413 3899 edil.

288 3905 492 3950 Chalkai.
545 3904 952 3956 x)lesloul102.⁸.1)³.1⁸.t.l.
1006 3907 1216 3960 y)propter01.t.
1270 3907 1414 3955 altstedi.

288 3959 312 4008 a)
325 3960 409 4010 populo
422 3970 464 4000 suo
478 3960 501 4002 0.
554 3958 578 4009 b)
591 3960 728 4010 aquumnl
741 3960 790 4003 Μ.
852 3959 1227 4012 c)1otbar.1>s.as;10nr.ar.
1288 3958 1313 4011 d)
1326 3964 1414 4003 cetero·

289 4012 488 4058 ΟΜΝΗ.
572 4016 594 4061 e)
641 4013 682 4057 ult.
700 4014 748 4057 Μ.
839 4011 992 4065 occursura
1010 4015 1053 4056 01.
1067 4014 1086 4056 t.
1174 4012 1350 4063 wintolabam
1364 4014 1412 4066 οὓς

288 4065 436 4160 lffienbptm
448 4066 495 4111 Εἰ.
509 4067 529 4110 2.
543 4066 563 4110 t.
577 4067 602 4120 ⁷3
660 4066 744 4108 leheim
758 4066 805 4109 Et.
885 4066 911 4116 b)
925 4071 1026 4118 mogun
1039 4066 1089 4117 0⁸,
1103 4067 1238 4116 magorum
1253 4066 1305 4119 12⁸3
1321 4077 1413 4118 mogon-

288 4130 300 4158 c
353 4131 374 4159 m
415 4121 433 4163 l.
447 4121 468 4163 t.
729 4137 731 4142 ¹

396 4296 425 4366 1)
443 4297 485 4362 Of.
502 4296 533 4352 V.
546 4296 619 4354 Kar.
632 4300 682 4354 82:
708 4295 834 4351 Porticus
852 4337 861 4383 3
880 4335 887 4351 .
907 4338 914 4352 .
933 4295 1024 4350 subita
1047 4294 1128 4349 ruina
1152 4312 1238 4365 usqne
1261 4296 1296 4352 ad
1314 4295 1413 4351 funda

288 4366 1413 4506 teneraetenera-
