3030 4944
441 415 624 475 Arruns
641 418 676 490 o.
694 416 727 476 n.
746 417 950 477 erinnem.
988 420 1024 476 A.
1036 422 1168 478 rentes.
1315 424 1367 478 103

352 593 503 666 Sumpto
528 594 538 648 i
568 595 644 650 itur
668 613 775 651 seeum
800 597 973 659 eomitetu
998 614 1062 652 suo
1085 595 1235 653 Saxonism
1260 596 1369 666 petiit

262 665 393 734 eser-isque
420 682 529 735 super
585 666 687 722 isuram
712 666 809 737 positis
835 666 1006 723 consedit
1033 672 1069 723 et
1095 668 1187 723 looum
1215 671 1367 723 castrorum

245 752 392 808 Heristelli¹
404 754 498 808 vocari
516 753 601 824 iussit,
620 744 681 827 qui
696 742 793 810 loeus
808 743 852 809 ob
867 744 992 810 ineolis
1014 765 1123 829 usqne
1145 744 1183 809 in
1206 763 1367 829 praesens

244 830 295 894 ite
324 829 537 908 nominatum
574 831 764 898 exereitum
793 852 885 911 vero,
920 853 1021 918 quern
1058 853 1173 899 seeum
1209 832 1365 910 adduxit,

245 936 306 1002 per
327 920 439 984 totem
456 918 641 984 Saxoniem
662 921 699 984 in
723 920 870 986 hiberno
886 921 1004 986 divisit
1015 921 1035 985 ¹.
1071 922 1163 987 Illne
1179 920 1367 1006 Pippinum

244 1005 286 1071 de
310 1005 448 1073 Iteliem
480 1011 515 1073 et
539 1007 806 1075 Hludowienm¹¹
840 1010 883 1076 de
907 1010 1118 1095 Hisponiee⁰
1146 1010 1366 1095 expeditione

242 1113 435 1179 regressum
458 1096 503 1161 ed
526 1116 563 1163 se
585 1098 702 1163 venire
734 1098 846 1176 iussit,
879 1110 931 1166 ibi
958 1111 1078 1181 legatos
1104 1109 1274 1185 Eurorum
1302 1126 1366 1165 oum

242 1196 349 1266 magnis
376 1196 535 1251 muneribus
562 1196 604 1251 ed
632 1215 667 1252 se
694 1199 824 1252 missos
852 1198 998 1254 audivit
1025 1204 1060 1252 et
1087 1198 1265 1266 absolvit,
1294 1184 1367 1250 ibi’

243 1266 372 1336 legatum
390 1266 544 1322 Hodefonsi
561 1268 633 1340 regis
651 1269 783 1324 Asturiee
801 1274 910 1338 etque
922 1268 1083 1324 Gelleoiesr
1105 1269 1198 1323 dens
1215 1269 1288 1323 sibi
1307 1268 1365 1322 de·

242 1351 422 1409 ferentem
441 1358 615 1427 suscepit.
652 1356 723 1412 Inde
740 1346 868 1411 iterum
888 1356 1040 1428 Pippinum
1058 1358 1095 1412 sd
1112 1355 1231 1426 Italiam,
1257 1355 1365 1411 Hludo-

242 1441 380 1496 wienme
402 1433 447 1497 ad
463 1434 688 1517 Aquitaniam
707 1446 871 1515 tamisim,
891 1463 955 1501 enm
973 1464 1041 1516 quo
1060 1452 1095 1500 et
1111 1445 1278 1501 Abdellem⁸
1301 1444 1366 1500 Ser·

143 1533 228 1599 pnes,
241 1546 371 1585 reosnum
383 1531 437 1587 irs
450 1532 576 1602 iussit,
595 1534 655 1603 qui
671 1527 801 1607 postea,
819 1527 859 1587 ut
875 1523 947 1608 ipse
963 1523 1084 1600 voluit,
1101 1523 1139 1586 in
1158 1533 1361 1605 ‘Hispaniam

241 1617 373 1673 ductus
390 1613 427 1674 et
448 1608 590 1675 illorum
613 1611 704 1688 fidei,
729 1611 855 1694 quibus
876 1631 913 1677 se
936 1612 1077 1682 eredere
1092 1632 1163 1676 non
1178 1609 1364 1684 dubitavit,

241 1696 441 1762 commissus
474 1702 537 1764 est.
585 1709 661 1765 Rex
688 1715 807 1765 sutem
836 1711 872 1765 in
899 1711 1036 1767 Suonnt
1070 1710 1238 1766 residens
1263 1709 1303 1764 ibi
1330 1713 1366 1763 et

240 1778 360 1833 netelem
377 1778 491 1834 Domini
509 1784 546 1835 et
562 1781 664 1851 pesohs
682 1781 839 1839 celebravit.

763 2203 837 2277 798.

345 2325 552 2383 Dccxovnl.
598 2326 682 2382 Oum
714 2327 784 2383 ism
817 2345 880 2383 ver
910 2327 1171 2399 adpeteret⁸·⁸,
1207 2316 1363 2381 nondum

239 2406 357 2468 temen
392 2407 534 2489 propter
567 2405 720 2490 inopiam
754 2404 898 2490 pabuli4
932 2405 1103 2470 exercitus
1133 2406 1177 2470 de
1206 2405 1362 2469 hibernis

238 2491 384 2626 produci
407 2493 586 2587 potuisset,
610 2503 752 2587 Saxoneq⁵
771 2504 962 2587 Innsdbimi
980 2495 1195 2559 occasionem
1218 2487 1358 2558 nenotib

249 2577 343 2644 egetos
360 2591 455 2645 regis,
474 2593 522 2644 qur
540 2575 579 2630 sd
600 2592 646 2630 eos
665 2577 708 2630 ob
727 2580 862 2630 menone
881 2574 1020 2631 sociendos
1037 2575 1139 2629 missi
1158 2581 1279 2644 erent,
1298 2592 1363 2630 oon·

237 2644 406 2713 prehensos
425 2645 681 2715 interficiunt,
701 2646 828 2717 peucis
847 2663 969 2701 eornm
989 2647 1083 2716 quesi
1098 2645 1358 2700 sdredimendumd

236 2724 407 2802 reservent,
435 2733 604 2788 truoidentes
634 2742 713 2787 cum
744 2723 889 2788 eaeteris
912 2726 949 2788 et
972 2720 1243 2787 (ιἰοᾶθεοαίοιιίῐιο
1271 2723 1361 2807 regis

237 2807 407 2893 legatum,
444 2830 545 2894 quem
579 2809 641 2875 ille
676 2814 758 2876 ente
792 2831 921 2896 paucos
952 2810 1025 2875 dies
1055 2811 1099 2875 ad
1130 2803 1357 2894 Sigifridum‘

236 2915 353 2980 regem
368 2897 548 2962 Dnnornm
571 2898 722 2964 miseret.
765 2897 802 2963 Is
826 2919 905 2963 oum
928 2899 1049 2964 eodem
1065 2902 1228 2983 tempore
1250 2919 1360 2964 rever-

234 2988 379 3064 teretur,
404 2986 448 3052 eb
463 2987 591 3050 huiusss
609 2986 789 3052 seditionis
805 2986 1005 3052 auctoribus
1020 2987 1235 3073 interceptus
1256 2991 1360 3070 etque

235 3073 369 3138 occisus
403 3078 466 3140 est.
499 3084 668 3156 ,Quibuffl
698 3087 865 3157 eooeptis
895 3104 945 3141 rex
976 3076 1128 3160 graviter
1167 3079 1359 3141 commotus

235 3178 450 3245 congregato
469 3174 593 3230 exercitu
611 3175 647 3228 In
665 3176 749 3244 loeo,
775 3175 827 3229 eui
844 3173 972 3229 Mimdsh
994 3191 1139 3244 nomen,
1165 3184 1269 3249 super
1288 3163 1359 3226 Wi-

235 3269 350 3313 suram
375 3266 498 3316 oestro
525 3263 649 3332 posuit
677 3267 786 3332 etque
813 3262 842 3316 in
871 3261 1105 3334 foedifragos
1141 3280 1179 3318 so
1207 3263 1359 3318 desertores

234 3365 311 3403 arms
336 3349 471 3419 corripuit
496 3354 524 3405 et
548 3339 642 3404 nltor
669 3339 763 3404 neeis
787 3338 982 3424 legatorum
1006 3359 1155 3416 suorum,
1181 3350 1359 3431 quioquid

233 3418 370 3476 Senoniae
384 3421 457 3475 inter
469 3421 598 3476 Albism
615 3421 671 3477 ee¹
691 3421 830 3476 Wisurem
849 3421 1068 3490 interiacet,
1087 3427 1191 3476 totum
1210 3422 1307 3476 ferro
1324 3425 1359 3474 et

233 3610 743 3720 ιιι)111117οι8.ξ.1’,’8ἰι)(47”ιίι.ιῖ]οξιιίῖιίι(ιιει’)1ς
765 3664 910 3705 ludonnienm
924 3663 944 3708 8.
962 3666 1016 3711 (nos
1029 3665 1061 3715 t.)
1079 3665 1099 3708 6.
1114 3666 1131 3707 7.
1213 3661 1236 3712 ο)
1254 3661 1269 3702 h
1286 3672 1321 3711 sp.
1337 3663 1357 3702 7.

232 3717 256 3764 p)
269 3715 371 3766 stilistas
384 3717 404 3761 8.
418 3717 443 3769 ὃς
459 3717 542 3767 stistte
556 3729 612 3760 corr.
626 3717 712 3768 galline
726 3718 745 3760 7.
826 3716 850 3768 q)
864 3715 1024 3758 nludsuureum
1040 3714 1065 3761 1.'
1074 3718 1097 3768 ὓς
1113 3716 1256 3757 ludouuioum
1269 3673 1288 3757 ζ
1302 3716 1322 3757 t.
1337 3715 1356 3754 7.

232 3769 253 3820 r)
266 3767 329 3810 mitit
341 3769 360 3812 t.
374 3771 395 3812 t.
450 3767 596 3818 s)·sdbelinm
611 3772 630 3813 7.
684 3773 702 3819 1)
715 3771 831 3810 suentem
845 3774 864 3813 1.
878 3771 897 3813 2.

339 3823 385 3865 798.
416 3825 439 3872 ι)
457 3830 577 3873 appareret
595 3824 618 3866 6.'
634 3824 653 3866 7,
734 3823 758 3874 b)
771 3824 832 3863 neoti
851 3826 870 3866 1.
885 3823 905 3866 ³.
919 3823 939 3866 t.
952 3824 971 3867 d.
986 3824 1005 3867 7.
1085 3823 1106 3870 ι)
1120 3821 1221 3864 tunderes
1235 3821 1254 3863 t.
1268 3819 1288 3862 8.
1301 3821 1321 3862 6.
1335 3821 1356 3860 7.

231 3870 256 3923 d)
270 3875 399 3915 remendnnr
416 3877 439 3928 ¹5
455 3874 578 3917 remedium
593 3877 617 3927 ²;
632 3872 776 3916 remeandum
791 3876 840 3919 tt.
900 3880 922 3925 e)
935 3876 1099 3926 godeneleeum
1110 3877 1134 3925 15
1149 3873 1317 3924 godesseelemn
1331 3873 1356 3920 23

230 3927 405 3980 godeseslehnnr
415 3930 434 3973 7.
497 3928 631 3977 onfridum
646 3929 666 3969 7.
731 3928 754 3981 3)
769 3929 836 3968 hunis
851 3931 870 3972 1.
885 3931 904 3974 2.
918 3930 938 3974 8,
951 3930 971 3972 t.
984 3929 1004 3973 8.
1071 3928 1096 3975 h)
1110 3927 1192 3967 mimda
1207 3929 1231 3978 ις
1250 3924 1356 3967 mundum

230 3988 288 4022 corr.
303 3980 401 4021 astudam
416 3982 440 4033 ῆς
455 3981 533 4022 mindi
546 3984 571 4032 ὃς
587 3979 694 4022 minIdsm
708 3981 733 4034 ⁵3
748 3982 825 4022 minda
838 3983 858 4025 6.
873 3984 895 4034 7;
912 3982 996 4022 munds
1009 3981 1029 4024 8.
1087 3979 1105 4030 i)
1119 3985 1143 4021 st
1156 3983 1176 4024 2.
1190 3981 1210 4023 8.

338 4104 365 4170 1)
383 4105 425 4169 Cf.
439 4105 507 4160 Ieet.
520 4104 689 4170 XXXVIII,
705 4107 754 4161 10:
779 4105 930 4158 exercitum
949 4120 1029 4157 suum
1047 4101 1202 4156 Antiochus
1221 4119 1271 4171 per
1289 4104 1354 4158 oiri·

229 4177 300 4226 tetes
318 4172 347 4226 in
365 4173 481 4228 hiberna
499 4174 630 4229 diviseret
648 4175 721 4241 (IL).
800 4177 828 4243 2)
848 4176 930 4227 Im'ts‘o
947 4177 1016 4226 anni
1032 4176 1176 4241 sequentia
1197 4191 1220 4230 o.
1239 4176 1352 4230 annales

229 4246 354 4310 {euproe
458 4249 485 4312 3)
505 4247 562 4300 Liv.
576 4247 673 4312 XXII,
687 4249 715 4302 l:
743 4244 798 4298 iem
824 4261 873 4297 ver
897 4242 1052 4311 adpetebat.
1155 4247 1183 4313 4)
1203 4245 1246 4311 Cf.
1265 4262 1353 4313 supra

228 4330 254 4368 a.
269 4317 329 4370 782.
403 4318 433 4380 5)
446 4318 518 4368 Ann.
532 4317 611 4371 Iteld.
625 4319 678 4373 798
685 4335 695 4368 .·
713 4315 904 4369 Transalbiani
915 4313 1046 4369 Saxones.
1121 4317 1148 4385 6)
1168 4315 1224 4371 In:
1242 4316 1353 4384 quibus·

228 4383 293 4437 dem
313 4427 318 4439 .
339 4426 345 4440 .
366 4428 372 4439 .
391 4385 546 4440 reservetis.
620 4390 649 4447 7)
668 4386 725 4440 Id:
743 4384 805 4454 Quo
823 4384 926 4441 audito.
