3030 4944
420 455 601 513 iunones
618 454 652 527 Q.
670 455 704 514 o.
724 453 926 539 muneror.
963 449 1076 512 arou·
1108 418 1109 421 Ὺ
1266 455 1303 510 eo
1357 472 1362 478 ·

185 644 253 706 est,
272 653 310 691 ss
328 634 611 701 meditatione⁰‚
637 637 674 688 nt
692 632 814 688 Hunis¹
834 632 1013 687 istotorum
1033 648 1178 686 suorum
1196 630 1302 685 vicem

184 725 357 781 redderet
379 716 415 778 et
438 711 497 790 eis,
521 714 652 796 quanto
675 710 821 776 eelerius
841 713 967 795 posset,
992 708 1122 774 bellum
1145 708 1302 773 inferret.

185 801 400 886 comparatis
423 800 532 884 igitur
554 800 599 864 nd
622 800 688 864 hoe
712 821 753 864 ex
776 798 871 863 omni
893 819 1001 883 regno
1024 817 1086 862 suo
1102 818 1205 882 quum
1221 796 1302 862 veli·

185 890 333 955 dissimis
368 889 475 975 copiis
510 891 547 955 et
581 888 829 954 commeatibus
864 887 1081 972 congregetis
1112 879 1298 972 bipertiio‘¹

185 979 339 1044 exercitu
360 979 428 1044 iter
451 997 552 1062 egere
576 977 724 1063 coopitr.
772 975 878 1042 Cuius
909 979 1043 1061 purtem
1066 967 1299 1042 Theodericor

185 1069 302 1133 couniti
318 1071 354 1133 et
369 1066 604 1152 Meginiridoss
622 1066 809 1132 numerario
825 1084 887 1150 suo
904 1065 1123 1130 committens
1148 1092 1208 1130 eoa
1225 1075 1303 1146 por*

184 1150 380 1220 aquilonalem
405 1149 523 1205 Danubii
548 1149 664 1220 ripum
688 1149 741 1203 iter
759 1165 861 1220 agere
886 1148 1004 1204 iussit.
1041 1147 1105 1219 Ipse
1123 1164 1184 1203 curn
1206 1144 1298 1201 alinh

184 1227 301 1292 parto,
320 1238 420 1292 quum
440 1238 560 1276 seeum
578 1221 753 1288 retinuit,
772 1220 933 1275 australem
951 1218 1115 1274 eiusdem
1134 1218 1303 1273 fluminis

184 1311 298 1382 ripum
332 1308 503 1365 Pannoniam
537 1309 728 1380 petiturus
763 1307 978 1380 oeoupovit,
1020 1295 1189 1362 Baioariis
1224 1316 1302 1360 cum

184 1386 432 1453 commeatibus
455 1387 639 1464 exercitae,
671 1397 731 1467 qui
761 1397 896 1453 navibus
922 1395 1219 1464 devehebanturi,
1254 1413 1304 1466 per

185 1487 380 1544 Danubium
414 1475 566 1541 seeundo
594 1495 685 1560 sque
715 1474 922 1541 descendere
947 1474 1063 1539 iussis.
1110 1475 1161 1540 Ae
1184 1473 1233 1539 sio
1255 1473 1304 1537 in·

184 1566 309 1631 choabo
332 1565 457 1641 itinere
480 1564 592 1650 prima
618 1579 740 1631 osstrs
764 1592 874 1647 super
891 1579 1040 1631 Anesum
1066 1574 1188 1645 posita
1205 1578 1303 1644 sunt;

184 1675 263 1719 num
293 1653 324 1718 is
353 1653 478 1718 fluvius
508 1653 601 1719 inter
623 1652 860 1718 Beioeriorum
891 1656 996 1737 etque
1024 1651 1209 1716 Hunorum
1239 1655 1304 1717 ter·

183 1741 294 1808 minos
324 1743 458 1808 medius
490 1761 630 1808 currens
660 1745 774 1808 certus
805 1742 952 1806 duorum
975 1760 1160 1825 regnorum
1179 1739 1305 1805 ,limes³

184 1831 388 1897 habebatur.
412 1842 470 1898 Ibi
488 1842 733 1914 suppliesti0⁴
745 1842 943 1912 pertriduum
958 1840 1047 1910 isota,
1064 1833 1105 1894 ui
1120 1828 1157 1893 id
1173 1829 1303 1895 bellum

184 1941 365 2006 prosperos
381 1941 420 1986 ee
435 1919 579 1986 felices⁵
594 1919 738 1985 heberet
753 1922 913 1997 eventus;
936 1921 1013 1983 tum
1037 1919 1174 1984 demum
1192 1922 1305 1983 eostre

185 2022 294 2086 muts,
326 2013 362 2075 et
392 2007 523 2075 bellum
537 2049 540 2054 -
556 2009 654 2093 genti
678 2001 884 2073 Hunorumlx
910 2029 932 2073 o
961 2007 1103 2072 Francis
1133 2007 1301 2073 indictum

178 2101 246 2164 est.
301 2108 425 2164 Pulsis
452 2110 571 2181 igitur
597 2107 771 2165 Hunorum
801 2108 1003 2180 praesidiis
1033 2126 1071 2163 ae
1101 2107 1305 2163 destruetis

183 2180 449 2250 munitionibus,
467 2198 620 2250 querum
639 2198 706 2236 uns
724 2198 833 2250 super
852 2179 1005 2235 Oembum
1023 2179 1161 2244 fluvium,
1185 2180 1305 2234 slteru

185 2260 283 2323 iuxiu
305 2250 537 2342 Comagen0s¹
568 2258 744 2323 civitatem
776 2269 810 2322 in
836 2274 958 2323 moute
982 2267 1186 2338 comeobsrgm
1212 2256 1304 2321 vallo

183 2341 378 2396 firmissimo
404 2347 483 2396 erst
508 2345 712 2408 exstructa,
737 2340 811 2396 ierro
830 2346 858 2395 et
875 2339 1111 2410 iguineunots
1128 2345 1303 2395 vastentur.

184 2412 341 2482 Cumque
360 2430 422 2467 rex
441 2429 518 2468 eum
537 2429 592 2481 eo,
617 2429 720 2481 quern
739 2410 906 2481 ducebat,
931 2412 1055 2467 exercitu
1078 2427 1165 2480 usque
1183 2410 1218 2466 od
1236 2411 1304 2465 Ar·

183 2501 320 2556 rebonis
346 2501 476 2556 fluenta
502 2500 679 2568 venisset,
713 2488 913 2554 transmisso
948 2488 1069 2554 eodem
1103 2487 1208 2553 fluvio
1243 2509 1304 2573 per

183 2579 294 2663 ripam
317 2578 391 2649 eius
414 2598 522 2662 usque
546 2578 590 2642 ad
614 2576 738 2653 locum,
762 2577 800 2641 in
821 2598 889 2661 quo
904 2577 934 2642 is
950 2576 1113 2643 Danubio
1130 2577 1302 2660 mise-etur,

183 2667 328 2733 occessit
351 2666 467 2751 ibique
491 2687 553 2751 per
576 2666 709 2751 aliquot
732 2667 805 2732 dies
829 2666 965 2731 stativis
988 2666 1140 2732 habitui
1163 2686 1224 2752 per
1246 2665 1303 2731 Sa·

184 2755 371 2821 beriam⁰·²
404 2755 531 2821 reverti
565 2755 700 2820 statuit.
758 2755 855 2820 Alius
889 2776 971 2821 vero
1005 2756 1138 2840 copies,
1178 2754 1303 2839 quibus

183 2844 453 2911 Theodericumi
469 2848 505 2909 et
517 2841 767 2928 Meginiridum
782 2843 1010 2929 praefecerat,
1027 2865 1089 2929 per
1098 2843 1303 2909 Beeheimos
1408 2890 1410 2893 -

185 2934 248 3011 vie,
280 2954 348 3017 que
370 2937 547 3010 venerant,
577 2933 706 2999 reverti
736 2933 922 3019 praecepit.
969 2932 1026 2998 sio
1056 2935 1241 3020 peragrato
1263 2954 1303 2997 ae

185 3023 365 3087 devastato
388 3042 515 3106 magne
538 3024 636 3107 purte
653 3021 852 3087 Pannoniae
869 3043 948 3087 euin
964 3020 1127 3088 incolomi
1150 3022 1304 3087 exercitu

184 3110 409 3176 Francorum⁸
431 3123 467 3176 in
485 3121 693 3177 Baioarism
717 3139 753 3178 so
771 3123 916 3193 recepit.
952 3110 1103 3176 Saxones
1127 3114 1244 3176 autem
1267 3114 1304 3176 eb

185 3199 354 3265 Frisionee
378 3221 457 3265 cunr
472 3199 705 3265 Theodericoq
725 3202 761 3266 et
776 3199 989 3284 Megiufrido
1011 3220 1072 3286 per
1088 3199 1302 3272 Beehaimos,

183 3292 223 3353 ut
245 3289 375 3354 iussum
400 3292 484 3365 eret,
509 3289 650 3353 domurn
673 3289 818 3373 regressi
841 3292 933 3353 sunt.
981 3289 1090 3376 Paete
1116 3290 1190 3354 esir
1217 3290 1303 3354 hoec

341 3461 363 3502 B
368 3463 386 3505 1.
400 3462 420 3505 2.
434 3461 454 3505 8.
467 3459 497 3513 (i.
510 3461 539 3510 b.)
551 3462 572 3504 e.
585 3462 604 3504 7.
618 3459 656 3513 (8.)

182 3517 203 3564 o)
216 3514 345 3555 conditione
359 3518 380 3559 θ.
393 3516 412 3559 i.
480 3513 504 3565 d)
517 3514 625 3565 bipertito
638 3520 730 3558 corn-to
747 3517 770 3568 ις
785 3515 892 3566 bipertito
906 3517 926 3559 t.
994 3513 1017 3569 s)
1029 3515 1090 3566 oepit
1103 3515 1123 3559 8.
1136 3516 1156 3559 s.
1169 3519 1194 3567 ⁶3
1210 3515 1304 3565 ospiti.
1414 3549 1418 3556 .

183 3565 712 3621 otheodorieo13tsodarie083tbsodrleo8.
765 3570 791 3620 ς)
804 3568 973 3620 megenfrido&
1028 3568 1052 3619 ts)
1065 3569 1151 3613 Mb.
1205 3566 1222 3619 Ι)
1235 3568 1304 3610 dsue-

182 3622 265 3662 nantor
280 3624 298 3665 1.
311 3622 331 3665 8.
411 3619 435 3671 k)
449 3621 559 3662 honorum
573 3621 592 3666 1.
673 3620 690 3672 l)
703 3632 789 3674 munte.
803 3623 822 3666 7.
903 3624 934 3671 m)
952 3622 1059 3673 onmborss
1072 3622 1092 3666 8.
1173 3619 1198 3675 n)
1217 3622 1270 3671 tene
1284 3621 1304 3665 s.

183 3675 205 3724 ο)
219 3675 333 3716 sunniam
348 3677 367 3715 1.
447 3674 865 3726 p)snsodorioun1;tsoderieuns.
945 3674 970 3727 q)
984 3675 1100 3717 theoriebo
1114 3676 1139 3726 13
1158 3675 1270 3717 teoderico
1283 3675 1304 3717 t.

183 3727 292 3778 rientem
306 3727 586 3779 estnsstsutsrnm

193 3901 197 3908 ·
291 3872 317 3938 l)
336 3871 407 3924 Asso.
421 3868 501 3925 Faus.
522 3872 588 3926 ⁷⁰1:
614 3872 728 3939 propter
746 3912 752 3926 .
773 3911 781 3928 .
800 3869 905 3940 euodes,
930 3887 998 3939 quas
1015 3867 1094 3924 Huni
1112 3874 1303 3925 exercuerunt.

182 3942 211 4008 2)
225 3943 297 3996 Anu.
311 3941 408 3996 Festi:
426 3939 491 4010 Ipse
510 3981 517 3998 .
537 3978 545 3993 .
563 3956 598 3995 ex
616 3940 729 3995 australi
746 3953 824 4010 parte
835 3940 955 3996 Danubii
973 3981 981 3996 .
1000 3985 1007 3997 .
1028 3984 1034 3997 .
1053 3939 1219 3997 Fresonibus
1237 3957 1303 3996 vero

182 4015 219 4080 et,
237 4011 284 4080 qui
302 4029 365 4066 oum
383 4011 449 4081 ipsis
467 4010 592 4080 deputati
610 4015 687 4080 sunt,
711 4011 803 4067 uavsli
821 4013 964 4068 eventione
981 4029 1031 4082 per
1048 4012 1157 4067 niveum
1176 4012 1304 4068 euntibus

184 4125 190 4137 .
205 4125 211 4138 .
226 4081 336 4138 ,Hunis
353 4081 546 4166 perterritis..
563 4098 658 4137 omnes
676 4098 773 4138 eorum
791 4083 917 4155 regiones
935 4099 1020 4168 usone
1039 4083 1075 4139 ad
1092 4082 1172 4138 Raba
1189 4082 1303 4137 fluvium

183 4151 503 4223 ierroetigmdevestst.
550 4154 580 4224 3)
599 4155 643 4219 cf.
663 4155 691 4210 V.
705 4155 776 4210 Kar.
790 4158 822 4211 7:
841 4158 917 4210 oerto
929 4155 1017 4209 limite
1029 4155 1099 4223 (D).
1145 4155 1175 4225 4)
1188 4155 1301 4220 Cilnio,

182 4223 279 4290 XXII,
295 4227 325 4281 1:
344 4224 384 4278 uti
402 4224 567 4295 suppliostio
585 4242 636 4294 per
653 4225 775 4283 triduum
787 4225 935 4281 haberetur
947 4227 1017 4294 (D).
1072 4227 1101 4294 5)
1112 4226 1154 4292 Cf.
1172 4227 1203 4281 V.
1216 4243 1302 4295 aspra

182 4311 208 4350 a.
222 4296 276 4351 784
292 4296 367 4361 (Μ.).
469 4299 497 4364 6)
515 4297 545 4352 V.
563 4312 649 4366 supro
667 4313 692 4352 α.
707 4299 759 4353 779
777 4298 852 4364 (M).
962 4298 989 4365 7)
1005 4297 1112 4351 Βουτώ·
1129 4300 1159 4350 iss
1176 4299 1302 4351 seruitutis

184 4365 399 4489 Eismbnrqssbss'.
476 4369 504 4436 8)
521 4367 552 4423 V.
571 4367 650 4433 sistro
668 4383 694 4423 a.
707 4369 776 4424 827:
795 4384 858 4422 oum
876 4367 1007 4425 ineolumi
1026 4368 1147 4423 exsroitu
1166 4411 1173 4424 .
1193 4410 1200 4424 .
1219 4384 1248 4422 so
1268 4411 1274 4425 .
1295 4411 1300 4424 .

181 4435 346 4506 reciperet(
377 4441 406 4499 .).
