3030 4944
318 375 500 433 laruas
517 375 641 433 auem
658 375 908 434 FRANOORUM.
945 377 1052 436 adio.
1193 381 1245 436 153

126 561 321 627 Baioariam
351 564 387 628 et
417 560 631 626 Pannoniam
666 560 877 646 superiorem
908 560 1070 626 intrarit:
1105 565 1141 626 et
1176 560 1245 626 duo

126 651 274 735 quidem,
298 649 336 714 id
359 654 412 716 est
435 649 619 716 dexterae
642 649 794 727 sinister,
825 649 959 714 tardius
982 649 1129 735 ingressi
1151 652 1243 728 sunt,

126 761 166 806 eo
190 738 282 823 quod
304 760 394 805 unus
417 738 560 824 Alpium
582 738 735 803 transitu
758 738 910 803 hostium
935 758 1040 803 manu
1062 739 1245 804 resistente

127 828 384 914 prohibebatur,
409 827 499 894 alter
522 830 558 893 et
580 827 799 912 longitudine
822 827 958 895 itineris
986 831 1022 893 et
1045 827 1161 914 Dravo
1184 827 1245 893 ilu-

127 919 227 994 mine,
241 917 334 1001 quod
346 917 577 983 traiciendum
589 919 673 994 erat,
686 915 956 1000 impediebatur;
970 917 1104 982 medius
1116 919 1243 995 autem,

127 1007 186 1091 qui
210 1025 270 1091 per
293 1004 506 1072 Oarantanos
529 1005 694 1083 intrabat,
725 1026 934 1090 quamquam
963 1005 1001 1070 in
1023 1006 1136 1071 tribus
1159 1004 1245 1071 locis

24 1113 117 1167 *μοι
128 1096 160 1162 ei
184 1095 425 1174 *resisteretur
449 1094 605 1160 feliciore
628 1115 711 1159 usus
726 1094 870 1159 fortune
884 1099 939 1160 ter
955 1095 1054 1160 hoste
1070 1099 1243 1180 superato,

127 1184 242 1249 Dravo
272 1184 377 1250 etiam
406 1184 607 1249 transmisso
638 1183 782 1249 celerius
806 1184 851 1248 ad
875 1184 1050 1250 destinata
1073 1183 1150 1248 loca
1172 1204 1245 1269 per·

126 1273 231 1339 venit.
267 1271 396 1338 Contra
411 1274 496 1338 haee
512 1266 748 1338 Liudevvitusk
773 1272 863 1337 nihil
886 1272 1028 1338 molitus
1052 1273 1245 1339 munitione

127 1367 265 1427 tantum
295 1361 439 1439 castelli,
471 1362 564 1446 quod
593 1362 630 1425 in
654 1361 762 1427 arduo
785 1364 903 1428 monte
927 1366 1176 1440 construxerat,
1208 1382 1245 1428 se

128 1471 274 1535 suosque
298 1451 472 1516 continuit
494 1454 530 1517 et
553 1469 617 1517 nec
647 1450 732 1516 belli
755 1471 820 1516 uec
843 1450 938 1536 pacis
961 1452 1016 1517 vel
1045 1472 1107 1536 per
1135 1454 1245 1516 semet

127 1541 240 1625 ipsum
256 1539 312 1605 vel
335 1559 395 1625 per
418 1539 551 1623 legatos
570 1539 682 1604 ullum
706 1560 785 1605 cum
809 1540 858 1605 eis
873 1559 1065 1606 sermonem
1082 1539 1244 1606 habuisse

128 1629 265 1694 dicitur.
298 1629 479 1694 Exercitus
494 1649 584 1708 vero,
609 1631 791 1714 postquam
811 1629 848 1694 in
864 1650 973 1693 unum
997 1633 1243 1707 convenerunt,

127 1722 238 1783 totam
260 1711 366 1803 pene¹
396 1717 571 1802 regionem
593 1718 687 1785 ferro
710 1721 746 1783 et
768 1717 843 1802 igni
866 1719 1087 1784 devastantes
1118 1718 1245 1784 haudm

127 1807 200 1873 ullo
213 1806 310 1892 gravi
322 1807 468 1872 damno¹¹
489 1810 631 1892 accepto
647 1807 788 1871 domum
803 1806 930 1872 reversi
946 1811 1038 1871 sunt.
1063 1807 1100 1872 Is
1114 1810 1243 1885 tamen,

127 1896 187 1980 qni
209 1915 270 1981 per
292 1895 506 1961 Pannoniam
530 1895 741 1980 superiorem
764 1896 833 1961 iter
854 1895 1000 1975 iecerat,
1033 1897 1071 1961 in
1094 1897 1246 1961 transitu

127 1984 235 2050 Dravi
256 1984 408 2049 fluminis
432 2005 474 2050 ex
502 1984 656 2068 locorum
680 1987 717 2050 et
739 2005 904 2068 aquarum
927 1984 1173 2050 insalubritate
1196 2005 1246 2051 so·

128 2073 196 2137 luti
218 2074 348 2138 ventris
370 2073 588 2140 incommodo
610 2074 764 2157 graviter
786 2073 966 2140 adiectus⁰
995 2079 1057 2153 est,
1082 2077 1138 2140 etl‘
1165 2095 1245 2160 pars

128 2162 202 2227 eius
230 2183 301 2227 non
331 2163 467 2227 modica
496 2164 561 2228 hoc
594 2161 715 2228 morbo
739 2166 944 2248 consumpta
967 2167 1030 2229 est.
1076 2162 1147 2228 His
1174 2166 1246 2229 tres

127 2251 297 2317 exercitus
313 2251 356 2317 de
372 2250 522 2316 Saxonia
536 2254 573 2318 et
588 2251 750 2318 orientali
766 2251 934 2318 lbancia¹
949 2255 986 2318 et
1001 2251 1244 2331 Alamannia⁸,

128 2336 305 2405 Baioariat
335 2360 470 2425 quoque
492 2343 597 2424 atque
621 2340 728 2405 Italia
751 2342 952 2426 congregati
975 2344 1067 2406 sunt.
1111 2339 1246 2421 Quibus

127 2430 265 2494 domum
289 2429 434 2496 reversis
458 2427 697 2496 carniolenses
705 2430 725 2508 ¹,
754 2431 814 2512 qui
837 2430 928 2495 circa
950 2429 1079 2496 Sarum
1101 2430 1245 2496 fiuvium

128 2518 290 2584 habitant
302 2521 338 2584 et
350 2517 663 2584 Foroiuliensibusu
679 2537 767 2604 pene
780 2519 936 2603 contigui
948 2519 1242 2599 sunt,‚Baldricov

128 2628 163 2674 se
198 2607 423 2686 dediderunt;
458 2607 549 2674 idem
586 2611 622 2673 et
652 2629 731 2693 pars
762 2607 1047 2687 carantanorum,
1083 2628 1171 2693 quae
1200 2610 1246 2676 ad

127 2697 337 2762 Liudevvitiw
359 2700 476 2782 partes
498 2718 520 2762 a
542 2697 641 2763 nobis
665 2697 850 2778 defecerat,
874 2698 991 2764 iacere
1015 2699 1158 2764 curavit.

233 2785 369 2851 Foedus
391 2786 569 2851 internos
592 2788 629 2852 et
643 2785 778 2852 Abulaz
792 2805 907 2871 regem
930 2786 1143 2872 Hispaniae¹
1169 2808 1245 2854 con·

127 2875 290 2939 stitutum
305 2877 342 2939 et
356 2878 501 2940 neutrae
516 2875 608 2960 parti
623 2875 708 2940 satie
723 2876 913 2960 proficuum
931 2876 1091 2942 consulto
1102 2880 1245 2962 ruptum

128 2963 325 3048 bellumque
348 2963 511 3029 adversus
535 2984 614 3029 eum
637 2967 835 3050 susceptum
860 2966 944 3030 est'.

233 3050 278 3117 ln
300 3051 426 3118 Italico
449 3053 536 3117 mari
559 3057 638 3118 octo
666 3073 771 3120 naves
800 3055 1078 3138 negotiatorum?
1105 3054 1148 3120 de
1172 3054 1246 3120 Sar

128 3140 242 3206 dinia'
270 3141 316 3206 ad
339 3141 480 3207 Italiam
510 3143 759 3208 revertentium
790 3163 812 3207 a
840 3143 964 3228 piratis
986 3147 1109 3229 captae
1132 3164 1173 3209 ac
1197 3143 1247 3209 di·

127 3234 278 3296 mersae·
304 3233 401 3295 sunt:
426 3230 470 3297 de
484 3223 743 3296 Nordmanniab
763 3252 841 3297 vero
863 3232 1032 3297 tredecim
1054 3232 1241 3318 piraticae⁰

127 3339 232 3384 naves
266 3339 422 3405 egressae
459 3319 571 3404 primo
604 3321 642 3385 in
677 3315 903 3387 Flmdrensifl
944 3321 1047 3387 litore
1086 3321 1247 3406 praedari

126 3407 309 3474 molientes
332 3409 376 3474 ab
400 3408 464 3488 his,
495 3409 554 3493 qui
576 3408 614 3474 in
636 3409 809 3496 praesidio
833 3413 941 3489 erant,
966 3410 1124 3496 repulsae
1148 3413 1244 3489 sunt;

127 3494 188 3561 ubi
219 3499 337 3563 tamen
368 3497 412 3563 ab
445 3497 494 3562 eis
525 3501 665 3584 propter
697 3498 879 3564 custodum
911 3499 1082 3565 incuriam
1113 3501 1246 3584 aliquot

128 3605 226 3651 casae
255 3585 342 3652 viles
368 3586 529 3652 incensae
553 3591 589 3652 et
611 3607 736 3673 parvus
759 3588 892 3672 pecoris
915 3608 1078 3654 numerus
1101 3587 1245 3654 abactus

128 3677 190 3739 est.
237 3673 281 3738 In
303 3674 393 3740 ostio
416 3673 595 3759 Sequanae
618 3675 747 3741 similia
768 3679 981 3763 temptantes
1003 3676 1246 3745 resistentibus

287 3846 912 3903 01.2.8.(ἀ)1>1.(8.)8.31.2.8.(ιὸ.)θ.’1.θ.

128 3901 152 3951 k)
165 3897 296 3941 ludeuulcus
309 3901 357 3944 Bt.
370 3900 422 3953 Δῖος
438 3897 561 3943 lidowleue
575 3902 621 3945 El.
686 3902 704 3954 l)
717 3913 791 3955 poene
805 3903 850 3948 01.
863 3904 888 3956 25
902 3913 973 3954 paene
988 3902 1031 3948 08.
1089 3906 1120 3953 m)
1134 3904 1190 3946 hant
1203 3904 1247 3949 08.

128 3954 267 3998 Demi.
348 3951 640 4006 murmpnouarrse
711 3957 1033 4005 enecabantur
1105 3957 1247 4009 pne-est

126 4006 262 4050 dmm.
330 4007 629 4060 mutinenses.
696 4008 965 4059 rltrantlat'mdld.
1031 4010 1246 4060 sltllmannlassl.

128 4060 145 4113 r)
158 4061 244 4102 telone
257 4060 305 4103 De.
358 4060 383 4112 ιι)
397 4062 526 4104 lomiulens.
537 4063 586 4115 οὓς
601 4063 650 4103 loro
663 4063 752 4107 nfflem.
765 4064 814 4104 Bt.
869 4066 893 4113 v)
905 4063 1020 4105 balderico
1034 4064 1077 4108 ct.
1131 4066 1162 4113 w)
1175 4061 1247 4106 liude-

127 4113 186 4155 uulcl
199 4113 252 4166 ¹²³3
267 4113 392 4156 lendennltl
405 4115 456 4168 Εἰς
471 4115 585 4157 indernicl
593 4116 645 4168 2⁰3
659 4113 829 4160 laboureurs.
882 4116 907 4170 κ)
916 4117 1082 4169 hyspaniam.
1136 4120 1246 4170 „necea

127 4168 170 4212 01.
188 4167 300 4212 limi.
374 4168 544 4220 ηιυᾱΙιΕἱ.
615 4169 639 4222 a)
652 4167 749 4211 dimerse
762 4171 787 4211 0.
802 4170 848 4215 M.
924 4170 948 4222 b)
961 4168 1094 4212 normandia
1112 4171 1246 4224 1283er-

126 4220 343 4267 amassiae.
397 4221 600 4276 comicus.
662 4220 1245 4277 u)amd0m1us;rmrm1ne;mumrar.

234 4364 261 4433 1)
280 4361 440 4419 carnarum
453 4364 601 4422 arrae.
672 4366 701 4434 a)
717 4365 760 4432 cr.
778 4382 865 4438 apra
882 4332 980 4426 aen.
