<?xml version="1.0" encoding="UTF-8"?>
<!DOCTYPE html PUBLIC "-//W3C//DTD XHTML 1.0 Transitional//EN"
    "http://www.w3.org/TR/xhtml1/DTD/xhtml1-transitional.dtd">
<html xmlns="http://www.w3.org/1999/xhtml" xml:lang="en" lang="en">
 <head>
  <title>
</title>
<meta http-equiv="Content-Type" content="text/html;charset=utf-8" />
  <meta name='ocr-system' content='tesseract 3.04.00' />
  <meta name='ocr-capabilities' content='ocr_page ocr_carea ocr_par ocr_line ocrx_word'/>
</head>
<body>
  <div class='ocr_page' id='page_1' title='image "./annalesregnifra00pertgoog_0094.png"; bbox 0 0 3030 4944; ppageno 0'>
   <div class='ocr_carea' id='block_1_1' title="bbox 325 384 1247 490">
    <p class='ocr_par' dir='ltr' id='par_1_1' title="bbox 325 384 1247 490">
     <span class='ocr_line' id='line_1_1' title="bbox 325 384 1247 490; baseline 0.007 -17"><span class='ocrx_word' id='word_1_1' title='bbox 325 384 506 476; x_wconf 66' lang='lat' dir='ltr'><strong>mutnus</strong></span> <span class='ocrx_word' id='word_1_2' title='bbox 525 419 557 490; x_wconf 83' lang='lat' dir='ltr'><strong>o.</strong></span> <span class='ocrx_word' id='word_1_3' title='bbox 577 421 610 476; x_wconf 88' lang='lat' dir='ltr'><strong>n.</strong></span> <span class='ocrx_word' id='word_1_4' title='bbox 630 419 831 477; x_wconf 75' lang='lat' dir='ltr'><strong>amanam.</strong></span> <span class='ocrx_word' id='word_1_5' title='bbox 869 421 1047 478; x_wconf 67' lang='lat' dir='ltr'><strong>namma</strong></span> <span class='ocrx_word' id='word_1_6' title='bbox 1212 425 1247 479; x_wconf 85' lang='lat' dir='ltr'><strong>oo</strong></span> 
     </span>
    </p>
   </div>
   <div class='ocr_carea' id='block_1_2' title="bbox 133 594 1247 667">
    <p class='ocr_par' dir='ltr' id='par_1_2' title="bbox 133 594 1247 667">
     <span class='ocr_line' id='line_1_2' title="bbox 133 594 1247 667; baseline 0.001 -17"><span class='ocrx_word' id='word_1_7' title='bbox 133 594 289 667; x_wconf 77' lang='lat' dir='ltr'><strong>Draigni⁰</strong></span> <span class='ocrx_word' id='word_1_8' title='bbox 327 596 430 650; x_wconf 82' lang='lat' dir='ltr'><strong>iuxta</strong></span> <span class='ocrx_word' id='word_1_9' title='bbox 458 595 587 666; x_wconf 85' lang='lat' dir='ltr'><strong>Lippiam</strong></span> <span class='ocrx_word' id='word_1_10' title='bbox 622 597 778 652; x_wconf 83' lang='lat' dir='ltr'><strong>fluvium</strong></span> <span class='ocrx_word' id='word_1_11' title='bbox 809 596 990 652; x_wconf 81' lang='lat' dir='ltr'>Saxonum</span> <span class='ocrx_word' id='word_1_12' title='bbox 1020 597 1247 652; x_wconf 85' lang='lat' dir='ltr'><strong>occurrisset</strong></span> 
     </span>
    </p>
   </div>
   <div class='ocr_carea' id='block_1_3' title="bbox 128 674 1246 826">
    <p class='ocr_par' dir='ltr' id='par_1_3' title="bbox 128 674 1246 826">
     <span class='ocr_line' id='line_1_3' title="bbox 128 674 1246 757; baseline 0 -18"><span class='ocrx_word' id='word_1_13' title='bbox 128 685 333 754; x_wconf 84' lang='lat' dir='ltr'><strong>exercitus,</strong></span> <span class='ocrx_word' id='word_1_14' title='bbox 360 686 552 739; x_wconf 87' lang='lat' dir='ltr'><strong>commisso</strong></span> <span class='ocrx_word' id='word_1_15' title='bbox 579 703 656 740; x_wconf 89' lang='lat' dir='ltr'><strong>cum</strong></span> <span class='ocrx_word' id='word_1_16' title='bbox 682 688 734 740; x_wconf 90' lang='lat' dir='ltr'><strong>eis</strong></span> <span class='ocrx_word' id='word_1_17' title='bbox 764 674 914 757; x_wconf 73' lang='lat' dir='ltr'>equestri</span> <span class='ocrx_word' id='word_1_18' title='bbox 944 686 1110 754; x_wconf 72' lang='lat' dir='ltr'><strong>proelior</strong></span> <span class='ocrx_word' id='word_1_19' title='bbox 1140 685 1246 740; x_wconf 84' lang='lat' dir='ltr'><strong>felici</strong></span> 
     </span>
     <span class='ocr_line' id='line_1_4' title="bbox 129 757 1245 826; baseline 0.001 -16"><span class='ocrx_word' id='word_1_20' title='bbox 129 771 168 810; x_wconf 80' lang='lat' dir='ltr'><strong>sc</strong></span> <span class='ocrx_word' id='word_1_21' title='bbox 187 758 387 825; x_wconf 73' lang='grc' dir='ltr'><strong>ριυερειοι</strong></span> <span class='ocrx_word' id='word_1_22' title='bbox 407 762 542 810; x_wconf 87' lang='lat' dir='ltr'><strong>eventu</strong></span> <span class='ocrx_word' id='word_1_23' title='bbox 561 757 772 825; x_wconf 87' lang='lat' dir='ltr'><strong>dimicavit;</strong></span> <span class='ocrx_word' id='word_1_24' title='bbox 798 773 874 812; x_wconf 73' lang='lat' dir='ltr'><strong>noni</strong></span> <span class='ocrx_word' id='word_1_25' title='bbox 895 773 1023 826; x_wconf 85' lang='lat' dir='ltr'><strong>magno</strong></span> <span class='ocrx_word' id='word_1_26' title='bbox 1043 772 1165 810; x_wconf 91' lang='lat' dir='ltr'><strong>eorum</strong></span> <span class='ocrx_word' id='word_1_27' title='bbox 1183 774 1245 811; x_wconf 89' lang='lat' dir='ltr'><strong>nn·</strong></span> 
     </span>
    </p>
   </div>
   <div class='ocr_carea' id='block_1_4' title="bbox 126 832 1246 986">
    <p class='ocr_par' dir='ltr' id='par_1_4' title="bbox 126 832 1246 986">
     <span class='ocr_line' id='line_1_5' title="bbox 128 832 1246 917; baseline 0.001 -20"><span class='ocrx_word' id='word_1_28' title='bbox 128 861 224 898; x_wconf 87' lang='lat' dir='ltr'><strong>mero</strong></span> <span class='ocrx_word' id='word_1_29' title='bbox 242 844 409 912; x_wconf 86' lang='lat' dir='ltr'><strong>interfecto,</strong></span> <span class='ocrx_word' id='word_1_30' title='bbox 436 833 579 898; x_wconf 60' lang='lat' dir='ltr'><strong>ceterisq</strong></span> <span class='ocrx_word' id='word_1_31' title='bbox 608 834 645 897; x_wconf 88' lang='lat' dir='ltr'><strong>in</strong></span> <span class='ocrx_word' id='word_1_32' title='bbox 668 834 803 898; x_wconf 78' lang='lat' dir='ltr'><strong>diversa</strong></span> <span class='ocrx_word' id='word_1_33' title='bbox 825 832 958 917; x_wconf 80' lang='lat' dir='ltr'><strong>fugatis</strong></span> <span class='ocrx_word' id='word_1_34' title='bbox 978 845 1113 899; x_wconf 81' lang='lat' dir='ltr'><strong>victorad</strong></span> <span class='ocrx_word' id='word_1_35' title='bbox 1126 850 1246 913; x_wconf 86' lang='lat' dir='ltr'><strong>patrem</strong></span> 
     </span>
     <span class='ocr_line' id='line_1_6' title="bbox 126 908 1245 986; baseline 0 -18"><span class='ocrx_word' id='word_1_36' title='bbox 126 908 333 969; x_wconf 81' lang='lat' dir='ltr'><strong>Worruaciamr</strong></span> <span class='ocrx_word' id='word_1_37' title='bbox 362 933 527 970; x_wconf 81' lang='lat' dir='ltr'><strong>reversus</strong></span> <span class='ocrx_word' id='word_1_38' title='bbox 553 922 615 974; x_wconf 85' lang='lat' dir='ltr'><strong>est.</strong></span> <span class='ocrx_word' id='word_1_39' title='bbox 652 915 726 970; x_wconf 85' lang='lat' dir='ltr'><strong>Rex</strong></span> <span class='ocrx_word' id='word_1_40' title='bbox 752 921 871 970; x_wconf 86' lang='lat' dir='ltr'><strong>autem</strong></span> <span class='ocrx_word' id='word_1_41' title='bbox 898 921 1125 986; x_wconf 82' lang='lat' dir='ltr'><strong>congregato</strong></span> <span class='ocrx_word' id='word_1_42' title='bbox 1146 915 1245 969; x_wconf 83' lang='lat' dir='ltr'><strong>iterum</strong></span> 
     </span>
    </p>
   </div>
   <div class='ocr_carea' id='block_1_5' title="bbox 124 992 1245 1287">
    <p class='ocr_par' dir='ltr' id='par_1_5' title="bbox 124 992 1245 1287">
     <span class='ocr_line' id='line_1_7' title="bbox 127 992 1245 1074; baseline 0 -18"><span class='ocrx_word' id='word_1_43' title='bbox 127 1003 296 1058; x_wconf 82' lang='lat' dir='ltr'><strong>exercitu</strong></span> <span class='ocrx_word' id='word_1_44' title='bbox 316 1004 342 1058; x_wconf 88' lang='lat' dir='ltr'><strong>in</strong></span> <span class='ocrx_word' id='word_1_45' title='bbox 363 1003 511 1058; x_wconf 85' lang='lat' dir='ltr'><strong>Saxoniam</strong></span> <span class='ocrx_word' id='word_1_46' title='bbox 531 1005 726 1074; x_wconf 84' lang='lat' dir='ltr'><strong>profectus</strong></span> <span class='ocrx_word' id='word_1_47' title='bbox 744 1010 800 1060; x_wconf 88' lang='lat' dir='ltr'><strong>est</strong></span> <span class='ocrx_word' id='word_1_48' title='bbox 818 1005 1045 1072; x_wconf 86' lang='lat' dir='ltr'><strong>celebratoque</strong></span> <span class='ocrx_word' id='word_1_49' title='bbox 1067 992 1245 1056; x_wconf 73' lang='lat' dir='ltr'><strong>incastris</strong></span> 
     </span>
     <span class='ocr_line' id='line_1_8' title="bbox 125 1073 1245 1145; baseline 0.003 -18"><span class='ocrx_word' id='word_1_50' title='bbox 125 1073 280 1128; x_wconf 76' lang='lat' dir='ltr'><strong>natalicio</strong></span> <span class='ocrx_word' id='word_1_51' title='bbox 299 1074 412 1129; x_wconf 88' lang='lat' dir='ltr'>Domini</span> <span class='ocrx_word' id='word_1_52' title='bbox 430 1073 488 1130; x_wconf 85' lang='lat' dir='ltr'><strong>dis</strong></span> <span class='ocrx_word' id='word_1_53' title='bbox 507 1092 589 1144; x_wconf 88' lang='lat' dir='ltr'><strong>super</strong></span> <span class='ocrx_word' id='word_1_54' title='bbox 602 1077 708 1130; x_wconf 86' lang='lat' dir='ltr'><strong>Ambra</strong></span> <span class='ocrx_word' id='word_1_55' title='bbox 716 1093 743 1128; x_wconf 87' lang='lat' dir='ltr'><strong>m</strong></span> <span class='ocrx_word' id='word_1_56' title='bbox 763 1075 877 1128; x_wconf 73' lang='lat' dir='ltr'><strong>drinium</strong></span> <span class='ocrx_word' id='word_1_57' title='bbox 897 1075 925 1128; x_wconf 91' lang='lat' dir='ltr'><strong>in</strong></span> <span class='ocrx_word' id='word_1_58' title='bbox 944 1089 1016 1144; x_wconf 81' lang='lat' dir='ltr'><strong>pago</strong></span> <span class='ocrx_word' id='word_1_59' title='bbox 1035 1073 1245 1145; x_wconf 84' lang='lat' dir='ltr'><strong>Huettagoo</strong></span> 
     </span>
     <span class='ocr_line' id='line_1_9' title="bbox 126 1143 1244 1216; baseline 0.002 -19"><span class='ocrx_word' id='word_1_60' title='bbox 126 1143 202 1198; x_wconf 86' lang='lat' dir='ltr'><strong>iuxta</strong></span> <span class='ocrx_word' id='word_1_61' title='bbox 221 1144 614 1213; x_wconf 82' lang='lat' dir='ltr'><strong>castrun1²Saxonum‚</strong></span> <span class='ocrx_word' id='word_1_62' title='bbox 634 1147 728 1216; x_wconf 88' lang='lat' dir='ltr'><strong>quod</strong></span> <span class='ocrx_word' id='word_1_63' title='bbox 747 1146 889 1200; x_wconf 88' lang='lat' dir='ltr'><strong>dicitur</strong></span> <span class='ocrx_word' id='word_1_64' title='bbox 907 1143 1119 1216; x_wconf 80' lang='lat' dir='ltr'><strong>Shidroburg⁸‚</strong></span> <span class='ocrx_word' id='word_1_65' title='bbox 1138 1146 1173 1202; x_wconf 81' lang='lat' dir='ltr'><strong>sd</strong></span> <span class='ocrx_word' id='word_1_66' title='bbox 1193 1146 1244 1199; x_wconf 93' lang='lat' dir='ltr'><strong>lo·</strong></span> 
     </span>
     <span class='ocr_line' id='line_1_10' title="bbox 124 1216 1243 1287; baseline 0.002 -19"><span class='ocrx_word' id='word_1_67' title='bbox 124 1230 200 1268; x_wconf 88' lang='lat' dir='ltr'><strong>cum</strong></span> <span class='ocrx_word' id='word_1_68' title='bbox 220 1217 398 1271; x_wconf 82' lang='lat' dir='ltr'><strong>vocabulo</strong></span> <span class='ocrx_word' id='word_1_69' title='bbox 417 1216 515 1286; x_wconf 61' lang='lat' dir='ltr'><strong>Rima,</strong></span> <span class='ocrx_word' id='word_1_70' title='bbox 535 1218 569 1271; x_wconf 88' lang='lat' dir='ltr'><strong>in</strong></span> <span class='ocrx_word' id='word_1_71' title='bbox 589 1217 810 1287; x_wconf 78' lang='lat' dir='ltr'><strong>quoWisum¹</strong></span> <span class='ocrx_word' id='word_1_72' title='bbox 838 1223 872 1271; x_wconf 90' lang='lat' dir='ltr'><strong>ct</strong></span> <span class='ocrx_word' id='word_1_73' title='bbox 889 1216 1049 1271; x_wconf 80' lang='lat' dir='ltr'><strong>waburnau</strong></span> <span class='ocrx_word' id='word_1_74' title='bbox 1067 1217 1243 1285; x_wconf 84' lang='lat' dir='ltr'><strong>confluunt,</strong></span> 
     </span>
    </p>
   </div>
   <div class='ocr_carea' id='block_1_6' title="bbox 124 1290 1243 1376">
    <p class='ocr_par' dir='ltr' id='par_1_6' title="bbox 124 1290 1243 1376">
     <span class='ocr_line' id='line_1_11' title="bbox 124 1290 1243 1376; baseline 0.004 -21"><span class='ocrx_word' id='word_1_75' title='bbox 124 1290 413 1376; x_wconf 78' lang='lat' dir='ltr'><strong>populabundus³</strong></span> <span class='ocrx_word' id='word_1_76' title='bbox 442 1307 611 1363; x_wconf 81' lang='lat' dir='ltr'><strong>accessit.</strong></span> <span class='ocrx_word' id='word_1_77' title='bbox 659 1306 817 1374; x_wconf 77' lang='lat' dir='ltr'><strong>Cumque</strong></span> <span class='ocrx_word' id='word_1_78' title='bbox 853 1323 930 1359; x_wconf 89' lang='lat' dir='ltr'><strong>eum</strong></span> <span class='ocrx_word' id='word_1_79' title='bbox 966 1306 1127 1360; x_wconf 87' lang='lat' dir='ltr'><strong>ulterius</strong></span> <span class='ocrx_word' id='word_1_80' title='bbox 1161 1321 1243 1374; x_wconf 90' lang='lat' dir='ltr'><strong>pro·</strong></span> 
     </span>
    </p>
   </div>
   <div class='ocr_carea' id='block_1_7' title="bbox 122 1381 1243 1588">
    <p class='ocr_par' dir='ltr' id='par_1_7' title="bbox 122 1381 1243 1588">
     <span class='ocr_line' id='line_1_12' title="bbox 122 1381 1242 1516; baseline 0.001 -70"><span class='ocrx_word' id='word_1_81' title='bbox 122 1390 229 1516; x_wconf 56' lang='lat' dir='ltr'><strong>gredi</strong></span> <span class='ocrx_word' id='word_1_82' title='bbox 247 1384 329 1474; x_wconf 36' lang='lat' dir='ltr'><strong>tam·</strong></span> <span class='ocrx_word' id='word_1_83' title='bbox 345 1381 503 1446; x_wconf 86' lang='lat' dir='ltr'><strong>hiemalis</strong></span> <span class='ocrx_word' id='word_1_84' title='bbox 526 1383 691 1468; x_wconf 85' lang='lat' dir='ltr'><strong>temporis</strong></span> <span class='ocrx_word' id='word_1_85' title='bbox 707 1383 875 1466; x_wconf 73' lang='lat' dir='ltr'>asperitas</span> <span class='ocrx_word' id='word_1_86' title='bbox 891 1402 994 1476; x_wconf 81' lang='lat' dir='ltr'><strong>qnam</strong></span> <span class='ocrx_word' id='word_1_87' title='bbox 1008 1407 1145 1475; x_wconf 32' lang='lat' dir='ltr'><strong>&#39;aquarum</strong></span> <span class='ocrx_word' id='word_1_88' title='bbox 1165 1393 1242 1447; x_wconf 81' lang='lat' dir='ltr'><strong>inun-</strong></span> 
     </span>
     <span class='ocr_line' id='line_1_13' title="bbox 122 1463 1243 1588; baseline 0.002 -72"><span class='ocrx_word' id='word_1_89' title='bbox 122 1463 459 1588; x_wconf 52' lang='lat' dir='ltr'><strong>citiiii&#39;fomberet’</strong></span> <span class='ocrx_word' id='word_1_90' title='bbox 484 1464 673 1536; x_wconf 78' lang='lat' dir='ltr'><strong>Eresburgum</strong></span> <span class='ocrx_word' id='word_1_91' title='bbox 686 1477 701 1506; x_wconf 84' lang='lat' dir='ltr'>v</span> <span class='ocrx_word' id='word_1_92' title='bbox 731 1471 892 1518; x_wconf 78' lang='lat' dir='ltr'>castrum</span> <span class='ocrx_word' id='word_1_93' title='bbox 919 1482 953 1519; x_wconf 85' lang='grc' dir='ltr'><strong>ιιι</strong></span> <span class='ocrx_word' id='word_1_94' title='bbox 978 1465 1132 1519; x_wconf 75' lang='lat' dir='ltr'><strong>hiberna</strong></span> <span class='ocrx_word' id='word_1_95' title='bbox 1158 1480 1243 1518; x_wconf 86' lang='lat' dir='ltr'><strong>con·</strong></span> 
     </span>
    </p>
   </div>
   <div class='ocr_carea' id='block_1_8' title="bbox 117 1870 1240 2742">
    <p class='ocr_par' dir='ltr' id='par_1_8' title="bbox 117 1870 1240 2742">
     <span class='ocr_line' id='line_1_14' title="bbox 227 1870 1240 1941; baseline 0 -15"><span class='ocrx_word' id='word_1_96' title='bbox 227 1870 446 1929; x_wconf 77' lang='lat' dir='ltr'><strong>Dcctxxxv.</strong></span> <span class='ocrx_word' id='word_1_97' title='bbox 490 1871 574 1928; x_wconf 84' lang='lat' dir='ltr'><strong>Cum</strong></span> <span class='ocrx_word' id='word_1_98' title='bbox 601 1874 640 1928; x_wconf 90' lang='lat' dir='ltr'><strong>ibi</strong></span> <span class='ocrx_word' id='word_1_99' title='bbox 664 1874 807 1929; x_wconf 85' lang='lat' dir='ltr'><strong>hiemare</strong></span> <span class='ocrx_word' id='word_1_100' title='bbox 831 1873 1081 1941; x_wconf 84' lang='lat' dir='ltr'><strong>decrevisset,</strong></span> <span class='ocrx_word' id='word_1_101' title='bbox 1106 1871 1240 1926; x_wconf 83' lang='lat' dir='ltr'><strong>accitis</strong></span> 
     </span>
     <span class='ocr_line' id='line_1_15' title="bbox 120 1947 1240 2033; baseline -0.001 -20"><span class='ocrx_word' id='word_1_102' title='bbox 120 1963 229 2029; x_wconf 79' lang='lat' dir='ltr'><strong>atque</strong></span> <span class='ocrx_word' id='word_1_103' title='bbox 248 1960 420 2015; x_wconf 79' lang='lat' dir='ltr'><strong>adductis</strong></span> <span class='ocrx_word' id='word_1_104' title='bbox 438 1961 473 2015; x_wconf 85' lang='lat' dir='ltr'><strong>sd</strong></span> <span class='ocrx_word' id='word_1_105' title='bbox 491 1979 520 2016; x_wconf 90' lang='lat' dir='ltr'><strong>sc</strong></span> <span class='ocrx_word' id='word_1_106' title='bbox 540 1980 625 2016; x_wconf 86' lang='lat' dir='ltr'><strong>uxore</strong></span> <span class='ocrx_word' id='word_1_107' title='bbox 644 1981 682 2017; x_wconf 86' lang='lat' dir='ltr'><strong>ac</strong></span> <span class='ocrx_word' id='word_1_108' title='bbox 702 1963 854 2018; x_wconf 68' lang='lat' dir='ltr'><strong>liherici</strong></span> <span class='ocrx_word' id='word_1_109' title='bbox 875 1950 1066 2033; x_wconf 79' lang='lat' dir='ltr'><strong>relictoque</strong></span> <span class='ocrx_word' id='word_1_110' title='bbox 1090 1969 1167 2014; x_wconf 85' lang='lat' dir='ltr'><strong>culn</strong></span> <span class='ocrx_word' id='word_1_111' title='bbox 1192 1947 1240 2012; x_wconf 78' lang='lat' dir='ltr'><strong>eis</strong></span> 
     </span>
     <span class='ocr_line' id='line_1_16' title="bbox 120 2037 1240 2123; baseline 0.001 -23"><span class='ocrx_word' id='word_1_112' title='bbox 120 2037 156 2100; x_wconf 91' lang='lat' dir='ltr'><strong>in</strong></span> <span class='ocrx_word' id='word_1_113' title='bbox 186 2037 306 2102; x_wconf 88' lang='lat' dir='ltr'><strong>eodem</strong></span> <span class='ocrx_word' id='word_1_114' title='bbox 337 2042 450 2104; x_wconf 87' lang='lat' dir='ltr'><strong>castro</strong></span> <span class='ocrx_word' id='word_1_115' title='bbox 480 2040 565 2104; x_wconf 89' lang='lat' dir='ltr'><strong>satis</strong></span> <span class='ocrx_word' id='word_1_116' title='bbox 594 2041 663 2104; x_wconf 86' lang='lat' dir='ltr'><strong>fido</strong></span> <span class='ocrx_word' id='word_1_117' title='bbox 687 2061 726 2105; x_wconf 89' lang='lat' dir='ltr'><strong>ac</strong></span> <span class='ocrx_word' id='word_1_118' title='bbox 751 2041 848 2105; x_wconf 88' lang='lat' dir='ltr'><strong>firmo</strong></span> <span class='ocrx_word' id='word_1_119' title='bbox 872 2039 1042 2123; x_wconf 84' lang='lat' dir='ltr'><strong>praesidio</strong></span> <span class='ocrx_word' id='word_1_120' title='bbox 1066 2039 1138 2123; x_wconf 82' lang='lat' dir='ltr'><strong>ipse</strong></span> <span class='ocrx_word' id='word_1_121' title='bbox 1162 2058 1240 2102; x_wconf 87' lang='lat' dir='ltr'><strong>curn</strong></span> 
     </span>
     <span class='ocr_line' id='line_1_17' title="bbox 119 2125 1240 2211; baseline 0 -21"><span class='ocrx_word' id='word_1_122' title='bbox 119 2125 280 2209; x_wconf 77' lang='lat' dir='ltr'><strong>expedita</strong></span> <span class='ocrx_word' id='word_1_123' title='bbox 309 2147 414 2191; x_wconf 80' lang='lat' dir='ltr'><strong>manu</strong></span> <span class='ocrx_word' id='word_1_124' title='bbox 447 2140 487 2192; x_wconf 84' lang='lat' dir='ltr'><strong>ad</strong></span> <span class='ocrx_word' id='word_1_125' title='bbox 515 2139 668 2194; x_wconf 82' lang='lat' dir='ltr'>Saxonum</span> <span class='ocrx_word' id='word_1_126' title='bbox 695 2157 808 2211; x_wconf 80' lang='lat' dir='ltr'><strong>pagos</strong></span> <span class='ocrx_word' id='word_1_127' title='bbox 835 2139 1035 2194; x_wconf 84' lang='lat' dir='ltr'><strong>vastandos</strong></span> <span class='ocrx_word' id='word_1_128' title='bbox 1063 2156 1101 2193; x_wconf 88' lang='lat' dir='ltr'><strong>ac</strong></span> <span class='ocrx_word' id='word_1_129' title='bbox 1129 2137 1240 2191; x_wconf 80' lang='lat' dir='ltr'><strong>villas</strong></span> 
     </span>
     <span class='ocr_line' id='line_1_18' title="bbox 118 2214 1238 2300; baseline 0.001 -22"><span class='ocrx_word' id='word_1_130' title='bbox 118 2224 353 2295; x_wconf 81' lang='lat' dir='ltr'><strong>diripiendas</strong></span> <span class='ocrx_word' id='word_1_131' title='bbox 381 2244 552 2297; x_wconf 77' lang='lat' dir='ltr'><strong>egressus</strong></span> <span class='ocrx_word' id='word_1_132' title='bbox 581 2217 772 2300; x_wconf 80' lang='lat' dir='ltr'><strong>inquietam</strong></span> <span class='ocrx_word' id='word_1_133' title='bbox 810 2217 895 2280; x_wconf 89' lang='lat' dir='ltr'><strong>satis</strong></span> <span class='ocrx_word' id='word_1_134' title='bbox 930 2218 1078 2281; x_wconf 86' lang='lat' dir='ltr'><strong>hiemem</strong></span> <span class='ocrx_word' id='word_1_135' title='bbox 1111 2214 1238 2297; x_wconf 86' lang='lat' dir='ltr'><strong>ubique</strong></span> 
     </span>
     <span class='ocr_line' id='line_1_19' title="bbox 117 2301 1238 2388; baseline 0 -22"><span class='ocrx_word' id='word_1_136' title='bbox 117 2301 363 2368; x_wconf 78' lang='lat' dir='ltr'><strong>discurrendo⁶</strong></span> <span class='ocrx_word' id='word_1_137' title='bbox 393 2308 428 2368; x_wconf 91' lang='lat' dir='ltr'><strong>et</strong></span> <span class='ocrx_word' id='word_1_138' title='bbox 458 2309 584 2369; x_wconf 87' lang='lat' dir='ltr'><strong>cuncta</strong></span> <span class='ocrx_word' id='word_1_139' title='bbox 613 2305 797 2370; x_wconf 71' lang='lat' dir='ltr'><strong>caedibusa</strong></span> <span class='ocrx_word' id='word_1_140' title='bbox 825 2309 929 2388; x_wconf 88' lang='lat' dir='ltr'><strong>atque</strong></span> <span class='ocrx_word' id='word_1_141' title='bbox 953 2301 1144 2369; x_wconf 86' lang='lat' dir='ltr'><strong>incendiis⁷</strong></span> <span class='ocrx_word' id='word_1_142' title='bbox 1166 2322 1238 2385; x_wconf 88' lang='lat' dir='ltr'><strong>per·</strong></span> 
     </span>
     <span class='ocr_line' id='line_1_20' title="bbox 118 2391 1238 2475; baseline 0.003 -22"><span class='ocrx_word' id='word_1_143' title='bbox 118 2391 293 2456; x_wconf 79' lang='lat' dir='ltr'><strong>miscendo</strong></span> <span class='ocrx_word' id='word_1_144' title='bbox 319 2402 388 2456; x_wconf 83' lang='lat' dir='ltr'><strong>tam</strong></span> <span class='ocrx_word' id='word_1_145' title='bbox 407 2420 504 2473; x_wconf 87' lang='lat' dir='ltr'><strong>perse</strong></span> <span class='ocrx_word' id='word_1_146' title='bbox 523 2405 613 2474; x_wconf 88' lang='lat' dir='ltr'><strong>ipsum</strong></span> <span class='ocrx_word' id='word_1_147' title='bbox 632 2422 733 2474; x_wconf 85' lang='lat' dir='ltr'><strong>quam</strong></span> <span class='ocrx_word' id='word_1_148' title='bbox 753 2405 960 2475; x_wconf 84' lang='lat' dir='ltr'><strong>perduces,</strong></span> <span class='ocrx_word' id='word_1_149' title='bbox 979 2421 1067 2473; x_wconf 83' lang='lat' dir='ltr'><strong>quos</strong></span> <span class='ocrx_word' id='word_1_150' title='bbox 1086 2403 1238 2470; x_wconf 78' lang='lat' dir='ltr'><strong>miserat,</strong></span> 
     </span>
     <span class='ocr_line' id='line_1_21' title="bbox 118 2478 1237 2565; baseline -0.001 -22"><span class='ocrx_word' id='word_1_151' title='bbox 118 2478 310 2544; x_wconf 85' lang='lat' dir='ltr'><strong>Saxonibus</strong></span> <span class='ocrx_word' id='word_1_152' title='bbox 339 2480 503 2552; x_wconf 73' lang='lat' dir='ltr'><strong>reddidit.</strong></span> <span class='ocrx_word' id='word_1_153' title='bbox 557 2481 712 2565; x_wconf 83' lang='lat' dir='ltr'><strong>Cumque</strong></span> <span class='ocrx_word' id='word_1_154' title='bbox 749 2483 948 2547; x_wconf 90' lang='lat' dir='ltr'><strong>huiusmodi</strong></span> <span class='ocrx_word' id='word_1_155' title='bbox 984 2479 1237 2546; x_wconf 77' lang='lat' dir='ltr'><strong>vastationibus</strong></span> 
     </span>
     <span class='ocr_line' id='line_1_22' title="bbox 117 2568 1236 2655; baseline -0.002 -22"><span class='ocrx_word' id='word_1_156' title='bbox 117 2587 179 2651; x_wconf 89' lang='lat' dir='ltr'><strong>per</strong></span> <span class='ocrx_word' id='word_1_157' title='bbox 200 2571 315 2633; x_wconf 84' lang='lat' dir='ltr'><strong>totum</strong></span> <span class='ocrx_word' id='word_1_158' title='bbox 338 2568 475 2634; x_wconf 85' lang='lat' dir='ltr'><strong>hiberni</strong></span> <span class='ocrx_word' id='word_1_159' title='bbox 497 2571 663 2655; x_wconf 85' lang='lat' dir='ltr'><strong>temporis</strong></span> <span class='ocrx_word' id='word_1_160' title='bbox 687 2570 862 2654; x_wconf 79' lang='lat' dir='ltr'><strong>spatium⁸</strong></span> <span class='ocrx_word' id='word_1_161' title='bbox 892 2591 1010 2637; x_wconf 89' lang='lat' dir='ltr'><strong>omnes</strong></span> <span class='ocrx_word' id='word_1_162' title='bbox 1040 2569 1114 2635; x_wconf 82' lang='lat' dir='ltr'><strong>fere</strong></span> <span class='ocrx_word' id='word_1_163' title='bbox 1138 2568 1236 2633; x_wconf 84' lang='lat' dir='ltr'><strong>Saxo·</strong></span> 
     </span>
     <span class='ocr_line' id='line_1_23' title="bbox 117 2653 1236 2742; baseline 0.002 -23"><span class='ocrx_word' id='word_1_164' title='bbox 117 2676 199 2720; x_wconf 88' lang='lat' dir='ltr'><strong>num</strong></span> <span class='ocrx_word' id='word_1_165' title='bbox 215 2658 373 2742; x_wconf 84' lang='lat' dir='ltr'><strong>regiones</strong></span> <span class='ocrx_word' id='word_1_166' title='bbox 388 2658 524 2742; x_wconf 87' lang='lat' dir='ltr'><strong>ingenti</strong></span> <span class='ocrx_word' id='word_1_167' title='bbox 539 2659 638 2724; x_wconf 88' lang='lat' dir='ltr'><strong>clade</strong></span> <span class='ocrx_word' id='word_1_168' title='bbox 654 2653 876 2737; x_wconf 56' lang='lat' dir='ltr'><strong>adfecissetl&#39;,</strong></span> <span class='ocrx_word' id='word_1_169' title='bbox 895 2674 1085 2727; x_wconf 77' lang='lat' dir='ltr'><strong>transacta</strong></span> <span class='ocrx_word' id='word_1_170' title='bbox 1103 2669 1236 2724; x_wconf 82' lang='lat' dir='ltr'><strong>tandem</strong></span> 
     </span>
    </p>
   </div>
   <div class='ocr_carea' id='block_1_9' title="bbox 116 2746 1343 2830">
    <p class='ocr_par' dir='ltr' id='par_1_9' title="bbox 116 2746 1343 2830">
     <span class='ocr_line' id='line_1_24' title="bbox 116 2746 1343 2830; baseline 0.001 -20"><span class='ocrx_word' id='word_1_171' title='bbox 116 2755 233 2812; x_wconf 84' lang='lat' dir='ltr'><strong>hieme</strong></span> <span class='ocrx_word' id='word_1_172' title='bbox 257 2749 293 2811; x_wconf 88' lang='lat' dir='ltr'><strong>et</strong></span> <span class='ocrx_word' id='word_1_173' title='bbox 315 2746 468 2812; x_wconf 82' lang='lat' dir='ltr'><strong>advectis</strong></span> <span class='ocrx_word' id='word_1_174' title='bbox 493 2768 534 2812; x_wconf 86' lang='lat' dir='ltr'><strong>ex</strong></span> <span class='ocrx_word' id='word_1_175' title='bbox 555 2748 702 2813; x_wconf 81' lang='lat' dir='ltr'><strong>Francia</strong></span> <span class='ocrx_word' id='word_1_176' title='bbox 724 2749 996 2815; x_wconf 80' lang='lat' dir='ltr'><strong>commeatibus⁹</strong></span> <span class='ocrx_word' id='word_1_177' title='bbox 1015 2759 1155 2830; x_wconf 82' lang='lat' dir='ltr'><strong>publicum</strong></span> <span class='ocrx_word' id='word_1_178' title='bbox 1174 2774 1235 2827; x_wconf 87' lang='lat' dir='ltr'><strong>po·</strong></span> <span class='ocrx_word' id='word_1_179' title='bbox 1341 2773 1343 2776; x_wconf 49' lang='lat'><em>⁴</em></span> 
     </span>
    </p>
   </div>
   <div class='ocr_carea' id='block_1_10' title="bbox 114 2828 1235 2900">
    <p class='ocr_par' dir='ltr' id='par_1_10' title="bbox 114 2828 1235 2900">
     <span class='ocr_line' id='line_1_25' title="bbox 114 2828 1235 2900; baseline 0.001 -19"><span class='ocrx_word' id='word_1_180' title='bbox 114 2828 193 2896; x_wconf 84' lang='lat' dir='ltr'><strong>puli</strong></span> <span class='ocrx_word' id='word_1_181' title='bbox 221 2829 275 2882; x_wconf 85' lang='lat' dir='ltr'><strong>sui</strong></span> <span class='ocrx_word' id='word_1_182' title='bbox 301 2837 515 2884; x_wconf 85' lang='lat' dir='ltr'><strong>conventum</strong></span> <span class='ocrx_word' id='word_1_183' title='bbox 541 2831 575 2884; x_wconf 90' lang='lat' dir='ltr'><strong>in</strong></span> <span class='ocrx_word' id='word_1_184' title='bbox 595 2833 691 2898; x_wconf 91' lang='lat' dir='ltr'><strong>loco,</strong></span> <span class='ocrx_word' id='word_1_185' title='bbox 717 2832 777 2900; x_wconf 90' lang='lat' dir='ltr'><strong>qui</strong></span> <span class='ocrx_word' id='word_1_186' title='bbox 797 2831 1042 2887; x_wconf 78' lang='lat' dir='ltr'><strong>Padrabrunno⁰</strong></span> <span class='ocrx_word' id='word_1_187' title='bbox 1066 2834 1235 2898; x_wconf 86' lang='lat' dir='ltr'><strong>vocatur,</strong></span> 
     </span>
    </p>
   </div>
   <div class='ocr_carea' id='block_1_11' title="bbox 112 3572 1231 3787">
    <p class='ocr_par' dir='ltr' id='par_1_11' title="bbox 112 3572 1231 3787">
     <span class='ocr_line' id='line_1_26' title="bbox 113 3572 1231 3682; baseline 0.004 -16"><span class='ocrx_word' id='word_1_188' title='bbox 113 3632 135 3674; x_wconf 79' lang='lat' dir='ltr'><strong>o)</strong></span> <span class='ocrx_word' id='word_1_189' title='bbox 144 3624 215 3665; x_wconf 77' lang='lat' dir='ltr'><strong>dreini</strong></span> <span class='ocrx_word' id='word_1_190' title='bbox 224 3624 245 3666; x_wconf 83' lang='lat'><strong>8.</strong></span> <span class='ocrx_word' id='word_1_191' title='bbox 272 3572 598 3681; x_wconf 57' lang='lat' dir='ltr'><strong>⁸¹13)²i›r³§1i0⁴&#39;1;⁵i21ioi.i⁸i</strong></span> <span class='ocrx_word' id='word_1_192' title='bbox 665 3627 689 3678; x_wconf 84' lang='lat' dir='ltr'><strong>q)</strong></span> <span class='ocrx_word' id='word_1_193' title='bbox 702 3629 797 3668; x_wconf 74' lang='lat' dir='ltr'><strong>caeteris</strong></span> <span class='ocrx_word' id='word_1_194' title='bbox 811 3631 829 3672; x_wconf 88' lang='lat'><strong>1.</strong></span> <span class='ocrx_word' id='word_1_195' title='bbox 838 3629 858 3671; x_wconf 80' lang='lat'><strong>2.</strong></span> <span class='ocrx_word' id='word_1_196' title='bbox 868 3629 887 3672; x_wconf 77' lang='lat' dir='ltr'><strong>t.</strong></span> <span class='ocrx_word' id='word_1_197' title='bbox 897 3629 918 3670; x_wconf 78' lang='grc'><strong>6.</strong></span> <span class='ocrx_word' id='word_1_198' title='bbox 981 3629 1000 3681; x_wconf 88' lang='lat' dir='ltr'><strong>r)</strong></span> <span class='ocrx_word' id='word_1_199' title='bbox 1014 3632 1161 3672; x_wconf 77' lang='lat' dir='ltr'><strong>unormathuu</strong></span> <span class='ocrx_word' id='word_1_200' title='bbox 1175 3631 1194 3674; x_wconf 77' lang='lat'><strong>2.</strong></span> <span class='ocrx_word' id='word_1_201' title='bbox 1209 3632 1231 3682; x_wconf 78' lang='grc'><strong>7;</strong></span> 
     </span>
     <span class='ocr_line' id='line_1_27' title="bbox 113 3679 1230 3734; baseline 0.006 -15"><span class='ocrx_word' id='word_1_202' title='bbox 113 3679 262 3719; x_wconf 76' lang='lat' dir='ltr'><strong>uusrmsttam</strong></span> <span class='ocrx_word' id='word_1_203' title='bbox 276 3679 296 3721; x_wconf 83' lang='lat'><strong>8.</strong></span> <span class='ocrx_word' id='word_1_204' title='bbox 336 3682 355 3727; x_wconf 76' lang='lat' dir='ltr'><strong>a)</strong></span> <span class='ocrx_word' id='word_1_205' title='bbox 369 3679 493 3730; x_wconf 73' lang='lat' dir='ltr'><strong>kidroborg</strong></span> <span class='ocrx_word' id='word_1_206' title='bbox 506 3682 547 3723; x_wconf 67' lang='lat' dir='ltr'><strong>th</strong></span> <span class='ocrx_word' id='word_1_207' title='bbox 561 3682 615 3726; x_wconf 80' lang='lat' dir='ltr'><strong>(non</strong></span> <span class='ocrx_word' id='word_1_208' title='bbox 624 3682 657 3732; x_wconf 78' lang='grc'><strong>4);</strong></span> <span class='ocrx_word' id='word_1_209' title='bbox 671 3682 777 3724; x_wconf 79' lang='lat' dir='ltr'><strong>seridrot.</strong></span> <span class='ocrx_word' id='word_1_210' title='bbox 792 3682 816 3731; x_wconf 75' lang='grc' dir='ltr'><strong>ἰς</strong></span> <span class='ocrx_word' id='word_1_211' title='bbox 829 3682 995 3734; x_wconf 72' lang='lat' dir='ltr'><strong>skideronburg</strong></span> <span class='ocrx_word' id='word_1_212' title='bbox 1008 3685 1027 3727; x_wconf 81' lang='grc'><strong>8.</strong></span> <span class='ocrx_word' id='word_1_213' title='bbox 1068 3686 1088 3733; x_wconf 67' lang='grc' dir='ltr'><strong>ι)</strong></span> <span class='ocrx_word' id='word_1_214' title='bbox 1101 3694 1197 3726; x_wconf 76' lang='lat' dir='ltr'><strong>uumrs</strong></span> <span class='ocrx_word' id='word_1_215' title='bbox 1210 3683 1230 3725; x_wconf 75' lang='grc'><strong>6.</strong></span> 
     </span>
     <span class='ocr_line' id='line_1_28' title="bbox 112 3732 1118 3787; baseline 0.008 -15"><span class='ocrx_word' id='word_1_216' title='bbox 112 3732 136 3782; x_wconf 85' lang='grc' dir='ltr'><strong>ιι)</strong></span> <span class='ocrx_word' id='word_1_217' title='bbox 149 3732 285 3774; x_wconf 76' lang='lat' dir='ltr'><strong>uusrharms</strong></span> <span class='ocrx_word' id='word_1_218' title='bbox 298 3733 322 3783; x_wconf 78' lang='lat'><strong>2;</strong></span> <span class='ocrx_word' id='word_1_219' title='bbox 337 3734 490 3774; x_wconf 72' lang='lat' dir='ltr'><strong>unulrarnnnt</strong></span> <span class='ocrx_word' id='word_1_220' title='bbox 504 3737 557 3780; x_wconf 77' lang='lat' dir='ltr'><strong>(non</strong></span> <span class='ocrx_word' id='word_1_221' title='bbox 567 3735 600 3783; x_wconf 83' lang='lat'><strong>5);</strong></span> <span class='ocrx_word' id='word_1_222' title='bbox 614 3735 643 3773; x_wconf 82' lang='lat' dir='ltr'><strong>ad</strong></span> <span class='ocrx_word' id='word_1_223' title='bbox 657 3735 728 3776; x_wconf 80' lang='lat' dir='ltr'><strong>hostia</strong></span> <span class='ocrx_word' id='word_1_224' title='bbox 742 3745 842 3776; x_wconf 76' lang='lat' dir='ltr'><strong>nuarnso</strong></span> <span class='ocrx_word' id='word_1_225' title='bbox 851 3737 872 3778; x_wconf 84' lang='lat'><strong>8.</strong></span> <span class='ocrx_word' id='word_1_226' title='bbox 940 3737 965 3784; x_wconf 81' lang='lat' dir='ltr'><strong>v)</strong></span> <span class='ocrx_word' id='word_1_227' title='bbox 979 3739 1086 3787; x_wconf 71' lang='lat' dir='ltr'><strong>eresburg</strong></span> <span class='ocrx_word' id='word_1_228' title='bbox 1099 3738 1118 3780; x_wconf 71' lang='grc' dir='ltr'><strong>Β.</strong></span> 
     </span>
    </p>
   </div>
   <div class='ocr_carea' id='block_1_12' title="bbox 218 3784 1231 3842">
    <p class='ocr_par' dir='ltr' id='par_1_12' title="bbox 218 3784 1231 3842">
     <span class='ocr_line' id='line_1_29' title="bbox 218 3784 1231 3842; baseline 0.003 -15"><span class='ocrx_word' id='word_1_229' title='bbox 218 3785 264 3829; x_wconf 71' lang='lat'><strong>105.</strong></span> <span class='ocrx_word' id='word_1_230' title='bbox 290 3784 417 3841; x_wconf 63' lang='lat' dir='ltr'><strong>oceanus</strong></span> <span class='ocrx_word' id='word_1_231' title='bbox 431 3786 450 3830; x_wconf 79' lang='lat' dir='ltr'><strong>t.</strong></span> <span class='ocrx_word' id='word_1_232' title='bbox 464 3787 484 3831; x_wconf 77' lang='lat' dir='ltr'><strong>b.</strong></span> <span class='ocrx_word' id='word_1_233' title='bbox 499 3789 519 3832; x_wconf 80' lang='grc'><strong>7.</strong></span> <span class='ocrx_word' id='word_1_234' title='bbox 573 3787 596 3837; x_wconf 88' lang='lat' dir='ltr'><strong>b)</strong></span> <span class='ocrx_word' id='word_1_235' title='bbox 610 3787 675 3828; x_wconf 77' lang='lat' dir='ltr'><strong>offer.</strong></span> <span class='ocrx_word' id='word_1_236' title='bbox 690 3789 772 3832; x_wconf 65' lang='lat' dir='ltr'><strong>thim.</strong></span> <span class='ocrx_word' id='word_1_237' title='bbox 827 3789 848 3842; x_wconf 85' lang='lat' dir='ltr'><strong>c)</strong></span> <span class='ocrx_word' id='word_1_238' title='bbox 863 3791 977 3840; x_wconf 72' lang='lat' dir='ltr'><strong>patherbr.</strong></span> <span class='ocrx_word' id='word_1_239' title='bbox 992 3791 1015 3841; x_wconf 73' lang='grc' dir='ltr'><strong>ὃς</strong></span> <span class='ocrx_word' id='word_1_240' title='bbox 1031 3788 1202 3841; x_wconf 70' lang='lat' dir='ltr'><strong>padarbrunnon</strong></span> <span class='ocrx_word' id='word_1_241' title='bbox 1211 3792 1231 3834; x_wconf 81' lang='grc'><strong>8.</strong></span> 
     </span>
    </p>
   </div>
   <div class='ocr_carea' id='block_1_13' title="bbox 110 3962 1230 4466">
    <p class='ocr_par' dir='ltr' id='par_1_13' title="bbox 110 3962 1230 4466">
     <span class='ocr_line' id='line_1_30' title="bbox 217 3962 1229 4034; baseline 0.009 -20"><span class='ocrx_word' id='word_1_242' title='bbox 217 3964 246 4032; x_wconf 88' lang='lat'><strong>1)</strong></span> <span class='ocrx_word' id='word_1_243' title='bbox 260 3964 301 4028; x_wconf 73' lang='lat' dir='ltr'><strong>Cf.</strong></span> <span class='ocrx_word' id='word_1_244' title='bbox 312 3963 371 4019; x_wconf 77' lang='lat' dir='ltr'><strong>Liv.</strong></span> <span class='ocrx_word' id='word_1_245' title='bbox 382 3962 462 4030; x_wconf 85' lang='lat' dir='ltr'><strong><em>XXI,</em></strong></span> <span class='ocrx_word' id='word_1_246' title='bbox 472 3967 508 4022; x_wconf 81' lang='lat'><strong>50</strong></span> <span class='ocrx_word' id='word_1_247' title='bbox 517 3985 523 4018; x_wconf 87' lang='lat'>:</span> <span class='ocrx_word' id='word_1_248' title='bbox 533 3981 695 4034; x_wconf 88' lang='lat' dir='ltr'><strong>prosperum</strong></span> <span class='ocrx_word' id='word_1_249' title='bbox 708 3981 739 4019; x_wconf 85' lang='lat' dir='ltr'><strong>ac</strong></span> <span class='ocrx_word' id='word_1_250' title='bbox 753 3965 864 4020; x_wconf 83' lang='lat' dir='ltr'><strong>feticem</strong></span> <span class='ocrx_word' id='word_1_251' title='bbox 876 3966 1020 4021; x_wconf 86' lang='lat' dir='ltr'><strong>transitum</strong></span> <span class='ocrx_word' id='word_1_252' title='bbox 1030 3967 1103 4034; x_wconf 74' lang='lat' dir='ltr'><strong>(M).</strong></span> <span class='ocrx_word' id='word_1_253' title='bbox 1146 3969 1175 4032; x_wconf 80' lang='lat'><strong>2)</strong></span> <span class='ocrx_word' id='word_1_254' title='bbox 1187 3969 1229 4034; x_wconf 83' lang='lat' dir='ltr'><strong>Cf.</strong></span> 
     </span>
     <span class='ocr_line' id='line_1_31' title="bbox 112 4030 1230 4108; baseline 0.006 -24"><span class='ocrx_word' id='word_1_255' title='bbox 112 4030 161 4090; x_wconf 79' lang='lat' dir='ltr'><strong>Fr.</strong></span> <span class='ocrx_word' id='word_1_256' title='bbox 175 4033 256 4089; x_wconf 61' lang='lat' dir='ltr'><strong>Beria</strong></span> <span class='ocrx_word' id='word_1_257' title='bbox 270 4038 317 4102; x_wconf 85' lang='lat'><strong>(=</strong></span> <span class='ocrx_word' id='word_1_258' title='bbox 329 4035 361 4089; x_wconf 78' lang='lat' dir='ltr'><strong>A.</strong></span> <span class='ocrx_word' id='word_1_259' title='bbox 373 4035 474 4101; x_wconf 60' lang='lat' dir='ltr'><strong>Mrem:</strong></span> <span class='ocrx_word' id='word_1_260' title='bbox 494 4035 571 4090; x_wconf 87' lang='lat' dir='ltr'><strong>iuxta</strong></span> <span class='ocrx_word' id='word_1_261' title='bbox 590 4041 708 4090; x_wconf 87' lang='lat' dir='ltr'><strong>castrum</strong></span> <span class='ocrx_word' id='word_1_262' title='bbox 722 4035 909 4107; x_wconf 82' lang='lat' dir='ltr'><strong>Scidrioburg.</strong></span> <span class='ocrx_word' id='word_1_263' title='bbox 955 4037 984 4106; x_wconf 82' lang='lat'><strong>3)</strong></span> <span class='ocrx_word' id='word_1_264' title='bbox 997 4038 1055 4094; x_wconf 78' lang='lat' dir='ltr'><strong>Lir.</strong></span> <span class='ocrx_word' id='word_1_265' title='bbox 1065 4041 1126 4108; x_wconf 78' lang='lat' dir='ltr'><strong>epit.</strong></span> <span class='ocrx_word' id='word_1_266' title='bbox 1139 4040 1230 4094; x_wconf 81' lang='lat' dir='ltr'><em>XIII:</em></span> 
     </span>
     <span class='ocr_line' id='line_1_32' title="bbox 111 4102 1229 4176; baseline 0.009 -20"><span class='ocrx_word' id='word_1_267' title='bbox 111 4102 322 4173; x_wconf 87' lang='lat' dir='ltr'><strong>populabundus</strong></span> <span class='ocrx_word' id='word_1_268' title='bbox 342 4146 349 4160; x_wconf 91' lang='lat'>.</span> <span class='ocrx_word' id='word_1_269' title='bbox 369 4147 375 4161; x_wconf 91' lang='lat'><strong>.</strong></span> <span class='ocrx_word' id='word_1_270' title='bbox 395 4147 402 4162; x_wconf 92' lang='lat'><strong>.</strong></span> <span class='ocrx_word' id='word_1_271' title='bbox 422 4107 556 4175; x_wconf 89' lang='lat' dir='ltr'><strong>processit</strong></span> <span class='ocrx_word' id='word_1_272' title='bbox 574 4109 647 4174; x_wconf 72' lang='grc' dir='ltr'><strong>(Μ.)</strong></span> <span class='ocrx_word' id='word_1_273' title='bbox 702 4112 730 4176; x_wconf 80' lang='lat'><strong>4)</strong></span> <span class='ocrx_word' id='word_1_274' title='bbox 746 4109 775 4164; x_wconf 85' lang='lat' dir='ltr'><strong>V.</strong></span> <span class='ocrx_word' id='word_1_275' title='bbox 791 4125 878 4176; x_wconf 75' lang='lat' dir='ltr'><strong>supra</strong></span> <span class='ocrx_word' id='word_1_276' title='bbox 896 4126 921 4162; x_wconf 87' lang='lat' dir='ltr'><strong>o.</strong></span> <span class='ocrx_word' id='word_1_277' title='bbox 936 4111 1020 4174; x_wconf 73' lang='lat'><strong>782(</strong></span> <span class='ocrx_word' id='word_1_278' title='bbox 1052 4114 1079 4170; x_wconf 90' lang='lat'><strong>.).</strong></span> <span class='ocrx_word' id='word_1_279' title='bbox 1135 4113 1162 4176; x_wconf 87' lang='lat'><strong>5)</strong></span> <span class='ocrx_word' id='word_1_280' title='bbox 1181 4111 1229 4166; x_wconf 67' lang='lat' dir='ltr'><strong>Fir,</strong></span> 
     </span>
     <span class='ocr_line' id='line_1_33' title="bbox 112 4176 1229 4249; baseline 0.006 -22"><span class='ocrx_word' id='word_1_281' title='bbox 112 4176 208 4236; x_wconf 67' lang='lat' dir='ltr'><strong>Rem:</strong></span> <span class='ocrx_word' id='word_1_282' title='bbox 228 4192 397 4245; x_wconf 84' lang='lat' dir='ltr'><strong>uxoremque</strong></span> <span class='ocrx_word' id='word_1_283' title='bbox 417 4221 423 4234; x_wconf 89' lang='lat'><em>.</em></span> <span class='ocrx_word' id='word_1_284' title='bbox 443 4220 449 4233; x_wconf 88' lang='lat'>.</span> <span class='ocrx_word' id='word_1_285' title='bbox 471 4222 475 4233; x_wconf 92' lang='lat'><em>.</em></span> <span class='ocrx_word' id='word_1_286' title='bbox 496 4195 559 4232; x_wconf 88' lang='lat' dir='ltr'><strong>cum</strong></span> <span class='ocrx_word' id='word_1_287' title='bbox 578 4177 680 4234; x_wconf 88' lang='lat' dir='ltr'><strong>liberis.</strong></span> <span class='ocrx_word' id='word_1_288' title='bbox 780 4181 807 4249; x_wconf 84' lang='lat'><strong>6)</strong></span> <span class='ocrx_word' id='word_1_289' title='bbox 827 4180 912 4232; x_wconf 68' lang='lat' dir='ltr'><strong>loru:</strong></span> <span class='ocrx_word' id='word_1_290' title='bbox 932 4176 1080 4233; x_wconf 78' lang='lat' dir='ltr'><strong>saxoniam</strong></span> <span class='ocrx_word' id='word_1_291' title='bbox 1098 4179 1229 4234; x_wconf 83' lang='lat' dir='ltr'><strong>vastando</strong></span> 
     </span>
     <span class='ocr_line' id='line_1_34' title="bbox 111 4243 1228 4320; baseline 0.008 -22"><span class='ocrx_word' id='word_1_292' title='bbox 111 4243 216 4301; x_wconf 86' lang='lat' dir='ltr'><strong>circuit.</strong></span> <span class='ocrx_word' id='word_1_293' title='bbox 317 4249 344 4315; x_wconf 81' lang='grc'><strong>7)</strong></span> <span class='ocrx_word' id='word_1_294' title='bbox 361 4249 419 4304; x_wconf 68' lang='lat' dir='ltr'><strong>Isto.</strong></span> <span class='ocrx_word' id='word_1_295' title='bbox 433 4249 532 4313; x_wconf 80' lang='lat'><strong><em>11,17:</em></strong></span> <span class='ocrx_word' id='word_1_296' title='bbox 559 4248 642 4303; x_wconf 86' lang='lat' dir='ltr'><strong>caede</strong></span> <span class='ocrx_word' id='word_1_297' title='bbox 667 4249 847 4319; x_wconf 88' lang='lat' dir='ltr'><strong>incendioque</strong></span> <span class='ocrx_word' id='word_1_298' title='bbox 873 4254 971 4303; x_wconf 87' lang='lat' dir='ltr'><strong>cuncta</strong></span> <span class='ocrx_word' id='word_1_299' title='bbox 997 4250 1136 4320; x_wconf 86' lang='lat' dir='ltr'><strong>complent</strong></span> <span class='ocrx_word' id='word_1_300' title='bbox 1155 4253 1228 4320; x_wconf 69' lang='lat' dir='ltr'><strong>(m).</strong></span> 
     </span>
     <span class='ocr_line' id='line_1_35' title="bbox 110 4317 1228 4392; baseline 0.004 -20"><span class='ocrx_word' id='word_1_301' title='bbox 110 4317 138 4384; x_wconf 83' lang='grc'><strong>8)</strong></span> <span class='ocrx_word' id='word_1_302' title='bbox 159 4317 188 4371; x_wconf 71' lang='lat'><strong>1⁷.</strong></span> <span class='ocrx_word' id='word_1_303' title='bbox 208 4318 289 4382; x_wconf 73' lang='lat' dir='ltr'><strong>infra</strong></span> <span class='ocrx_word' id='word_1_304' title='bbox 308 4321 377 4376; x_wconf 77' lang='lat'><strong>828:</strong></span> <span class='ocrx_word' id='word_1_305' title='bbox 403 4323 493 4373; x_wconf 88' lang='lat' dir='ltr'><strong>totum</strong></span> <span class='ocrx_word' id='word_1_306' title='bbox 518 4319 627 4375; x_wconf 84' lang='lat' dir='ltr'><strong>hiberni</strong></span> <span class='ocrx_word' id='word_1_307' title='bbox 645 4322 778 4390; x_wconf 86' lang='lat' dir='ltr'><strong>temporis</strong></span> <span class='ocrx_word' id='word_1_308' title='bbox 796 4320 914 4389; x_wconf 85' lang='lat' dir='ltr'><strong>spatium</strong></span> <span class='ocrx_word' id='word_1_309' title='bbox 936 4364 942 4376; x_wconf 91' lang='lat'>.</span> <span class='ocrx_word' id='word_1_310' title='bbox 963 4364 969 4376; x_wconf 89' lang='lat'><strong>.</strong></span> <span class='ocrx_word' id='word_1_311' title='bbox 989 4364 996 4378; x_wconf 86' lang='lat'><strong>.</strong></span> <span class='ocrx_word' id='word_1_312' title='bbox 1016 4320 1141 4392; x_wconf 81' lang='lat' dir='ltr'><strong>inpendit</strong></span> <span class='ocrx_word' id='word_1_313' title='bbox 1158 4323 1228 4388; x_wconf 73' lang='lat' dir='ltr'><em>(D).</em></span> 
     </span>
     <span class='ocr_line' id='line_1_36' title="bbox 112 4388 1141 4466; baseline 0 -23"><span class='ocrx_word' id='word_1_314' title='bbox 112 4390 140 4456; x_wconf 90' lang='grc'><strong>9)</strong></span> <span class='ocrx_word' id='word_1_315' title='bbox 157 4388 199 4453; x_wconf 79' lang='lat' dir='ltr'><strong>cf.</strong></span> <span class='ocrx_word' id='word_1_316' title='bbox 220 4390 296 4445; x_wconf 75' lang='lat' dir='ltr'><strong>Cart.</strong></span> <span class='ocrx_word' id='word_1_317' title='bbox 315 4390 383 4455; x_wconf 69' lang='lat' dir='ltr'><strong>Itu-f.</strong></span> <span class='ocrx_word' id='word_1_318' title='bbox 403 4391 450 4458; x_wconf 83' lang='lat' dir='ltr'><strong>VI,</strong></span> <span class='ocrx_word' id='word_1_319' title='bbox 464 4394 489 4458; x_wconf 82' lang='lat'><strong>2,</strong></span> <span class='ocrx_word' id='word_1_320' title='bbox 506 4395 554 4448; x_wconf 77' lang='lat'><strong>15:</strong></span> <span class='ocrx_word' id='word_1_321' title='bbox 573 4391 770 4446; x_wconf 84' lang='lat' dir='ltr'><strong>commeatibus</strong></span> <span class='ocrx_word' id='word_1_322' title='bbox 789 4390 909 4460; x_wconf 88' lang='lat' dir='ltr'><strong>undique</strong></span> <span class='ocrx_word' id='word_1_323' title='bbox 928 4391 1048 4448; x_wconf 76' lang='lat' dir='ltr'><strong>advectis</strong></span> <span class='ocrx_word' id='word_1_324' title='bbox 1067 4393 1141 4466; x_wconf 81' lang='grc' dir='ltr'><strong>(Μ.)Ι</strong></span> 
     </span>
    </p>
   </div>
   <div class='ocr_carea' id='block_1_14' title="bbox 0 0 1520 4944">
    <p class='ocr_par' dir='ltr' id='par_1_14' title="bbox 0 0 1520 4944">
     <span class='ocr_line' id='line_1_37' title="bbox 0 0 1520 4944; baseline 0 7"><span class='ocrx_word' id='word_1_325' title='bbox 0 0 1520 4944; x_wconf 95' lang='lat' dir='ltr'><strong> </strong></span> 
     </span>
    </p>
   </div>
  </div>
 </body>
</html>
