3030 4944
315 441 497 498 surmus
516 442 550 514 o.
568 443 602 501 n.
621 441 823 500 amasam.
861 443 898 501 a
909 446 970 501 mn
1174 447 1209 501 aa

608 619 683 693 786.

188 743 423 801 DchXXXVI.
467 731 556 797 (lum
586 736 622 798 et
645 733 776 798 -hiemis
806 736 945 818 tempus
974 732 1151 818 expletum
1175 748 1210 799 et

85 821 251 872 sanctum
277 816 380 886 pascha
407 815 442 871 in
470 816 668 870 Attiniaco
704 816 798 871 villa
825 815 962 871 inisset
988 833 1005 870 a
1032 833 1111 886 rege
1140 816 1209 871 cele·

85 889 230 957 brutum,
257 887 410 942 exercitum
435 887 470 941 in
488 887 680 942 Brittanniam
706 888 942 942 cismarinam
961 887 1106 943 mittere
1126 903 1210 942 con·

84 976 222 1033 stituit.
268 964 361 1029 Nam
384 985 462 1029 curn
486 965 531 1030 ab
554 964 679 1048 Anglis
703 985 743 1029 ac
768 964 960 1030 Senonibus
984 964 1206 1030 Brittanniaa

85 1053 201 1120 insula
222 1053 348 1119 fuisset
370 1054 500 1132 invasa,
532 1074 660 1138 magna
689 1074 768 1138 pars
799 1052 992 1118 incolarum
1017 1053 1092 1119 eius
1115 1073 1210 1119 mare

83 1143 247 1208 traiciens
269 1142 307 1206 in
329 1141 464 1207 ultimis
488 1140 624 1207 Galliae
649 1142 776 1207 finibus
799 1141 1012 1208 Venetorum
1036 1145 1072 1208 et
1095 1139 1210 1207 Corio·

85 1230 288 1297 solitarum¹
323 1231 481 1317 regiones
516 1231 709 1316 occupavit.
763 1231 800 1296 Is
834 1230 985 1316 populus
1020 1251 1042 1296 a
1069 1230 1210 1316 regibus

85 1319 298 1386 Francorum
332 1319 497 1386 subactus
533 1341 572 1386 ac
607 1320 814 1386 tributarius
849 1320 965 1385 factus
995 1312 1206 1404 inpositumb

85 1408 151 1474 sibi
173 1409 263 1474 vect‘
291 1408 326 1473 al
356 1408 440 1474 licet
472 1409 604 1474 invitus
635 1408 767 1475 solvere
791 1408 938 1474 solebat.
984 1417 1143 1489 cumque
1171 1435 1211 1474 eo

83 1495 249 1562 tempore
288 1491 494 1547 ict0²audiens
512 1509 568 1547 non
582 1495 694 1561 esset,
708 1492 823 1547 'missua
842 1492 926 1547 illuc
944 1491 1059 1562 regiae
1078 1506 1211 1546 mensae

83 1580 487 1650 praepositusAudulius
505 1580 677 1651 perfidae
696 1580 820 1652 gentis
839 1580 1108 1636 contumaciam
1124 1568 1212 1631 mira

82 1656 262 1724 celeritate
293 1670 518 1739 compressit
535 1671 689 1741 regique
709 1668 1077 1752 apudWormacuiamss'et
1095 1667 1211 1751 obsides,

83 1745 411 1868 233;Xl{,⁰eper⁸t’
447 1746 476 1796 et
510 1742 719 1810 complures
755 1757 796 1794 ex
823 1741 954 1810 populi
981 1740 1211 1810 primoribus

190 1881 252 1938 Rex
276 1901 345 1955 pace
370 1883 531 1953 nudique
550 1883 674 1954 parta⁸
696 1883 827 1938 statuit
849 1881 988 1937 Romam⁴
1011 1880 1212 1951 proficisci

84 1963 120 2025 et
150 1963 285 2044 partem
310 1960 452 2038 Italiae,
485 1981 573 2044 quae
602 1980 696 2025 nunc
720 1960 942 2025 Beneventus
969 1960 1123 2034 vocatur,
1156 1958 1211 2022 ad·

85 2048 184 2132 gredi
207 2049 414 2115 conveniens
438 2069 512 2115 essa
529 2049 728 2126 arbitratus,
752 2051 794 2112 ut
809 2047 904 2112 illius
921 2048 1021 2132 regni
1036 2047 1212 2112 residuam

85 2137 280 2223 portionem
303 2157 386 2203 suae
410 2138 578 2222 potestati
601 2138 784 2215 subiceret,
810 2137 908 2202 cuius
932 2139 1039 2221 caput
1055 2137 1092 2200 in
1108 2139 1211 2220 capto

86 2225 268 2293 Desiderio
297 2221 401 2311 rege(l
428 2227 681 2311 maioremque⁰
710 2230 844 2312 partem
874 2226 912 2290 in
943 2217 1208 2311 Longoboroiof

84 2315 152 2380 iam
183 2315 330 2381 subacta
357 2316 513 2383 tenebat.
559 2316 633 2382 Nec
664 2317 725 2381 diu
749 2319 913 2392 moratus,
938 2315 999 2379 sed
1022 2312 1211 2378 contractis

84 2404 244 2470 celeriter
278 2404 491 2470 Francorum
527 2405 635 2490 copiis
669 2405 707 2469 in
741 2405 817 2488 ipsa
851 2402 1011 2468 hiemalis
1045 2402 1211 2486 temporis

84 2494 271 2578 asperitate
283 2502 414 2559 Italiam⁶
432 2505 627 2576 ingreditur.
655 2504 702 2559 (lu
710 2521 813 2574 mque
826 2504 855 2559 in
867 2503 1010 2559 Florentia
1021 2491 1211 2557 Tuscorum

85 2592 196 2649 civitate
221 2593 343 2648 natalem
365 2593 478 2648 Domini
503 2595 708 2662 celebrasset,
735 2586 868 2665 quanta
891 2582 1008 2666 potuit
1031 2580 1211 2646 eeleritate

85 2663 203 2720 Romam
222 2666 276 2720 ire
294 2665 498 2722 contendit.

191 2752 267 2824 Quo
293 2770 370 2809 oum
395 2755 540 2810 venisset
572 2763 612 2807 ac
636 2743 679 2808 de
703 2742 919 2828 profectione
943 2735 1084 2806 suain(1
1105 2740 1268 2806 Bene-nr.

85 2833 228 2896 ventum
260 2833 335 2895 tam
370 2851 448 2895 curn
478 2831 657 2896 Adriano&
688 2831 855 2916 pontifice
889 2850 993 2915 quarn
1026 2849 1105 2895 oum
1140 2829 1210 2894 suis

193 3676 291 3778 neapol
299 3675 446 3774 indolis}
457 3676 477 3719 θ’
491 3673 617 3779 biliosa.
629 3728 648 3771 a.
658 3728 679 3771 c.
688 3729 707 3771 τ.
761 3726 784 3778 a
798 3727 945 3769 asomum
955 3728 976 3772 a.
985 3729 1005 3769 r.
1061 3725 1085 3778 a)
1094 3727 1151 3767 ame
1160 3727 1179 3770 s.
1189 3727 1210 3767 a.

85 3781 107 3836 a)
119 3783 249 3833 maioreque
264 3785 283 3827 1.
296 3783 317 3826 ἵ.
370 3781 389 3833 f)
402 3781 493 3833 longob.
507 3781 527 3825 t.
541 3783 561 3824 ⁴1.
614 3783 638 3833 a)
652 3778 761 3822 hadriano
776 3783 795 3824 1.

193 3927 220 3993 1)
239 3926 294 3990 Oui
317 3925 391 3992 apud
410 3927 550 3979 &aaaron
569 3926 677 3991 saepius
695 3927 952 3983 cornmemorontar,·
977 3921 1012 3973 at
1029 3923 1067 3973 eis
1084 3919 1211 3990 oppidum

90 3998 196 4051 Vanam
214 4000 336 4064 atcunque
355 3997 476 4049 Cbrseult
493 3999 589 4062 (prope
607 3996 646 4048 St.
659 3995 746 4059 Molo)
764 3994 873 4046 amitisto
891 3999 1054 4059 cooperiant.
1103 3993 1132 4060 2)
1149 3991 1211 4044 Vita

85 4069 187 4122 Kurcla'
200 4071 248 4124 10:
268 4065 383 4121 Domuit
396 4070 424 4120 et
437 4066 584 4133 Brittones,
604 4064 651 4133 qui
664 4064 699 4116 ad
712 4063 884 4117 occidentem
904 4063 932 4115 in
951 4065 1074 4116 extrema
1093 4060 1211 4131 quadam

85 4144 164 4208 parte
183 4136 290 4193 Galliae
315 4154 398 4208 snper
422 4137 487 4191 litus
512 4135 607 4190 occani
626 4133 776 4188 residentes
795 4133 870 4187 dicto
889 4131 1032 4187 audientes
1050 4150 1106 4187 non
1125 4137 1210 4201 erant,

85 4209 167 4263 missa
186 4208 215 4262 in
240 4225 287 4264 eos
313 4208 496 4278 expeditione,
521 4223 575 4274 qua
594 4207 623 4258 et
641 4205 748 4260 obsides
765 4204 831 4258 dare
851 4209 888 4272 et,
913 4220 983 4272 quae
1002 4204 1211 4272 imperarentur,

86 4296 114 4335 ae
140 4279 262 4334 facturos
288 4278 413 4349 polliceri
438 4277 525 4332 coacti
551 4281 622 4331 sunt.
719 4278 747 4342 3)
765 4278 821 4332 Leo.
835 4276 875 4340 11,
895 4278 945 4331 26:
974 4274 1094 4343 undique
1116 4279 1212 4343 partae

87 4350 161 4420 pacis
179 4351 254 4417 (M).
330 4353 359 4420 4)
373 4353 445 4404 Ana.
459 4348 539 4400 nuzo.
553 4351 599 4413 (.-=
611 4347 694 4403 sith.)
707 4350 773 4403 786:
793 4346 889 4400 Garlus
909 4389 914 4401 .
935 4388 941 4402 .
962 4388 969 4401 .
987 4343 1107 4399 Romam
1127 4344 1210 4399 vadit.

86 4425 114 4491 b)
128 4423 192 4475 Vita
211 4423 315 4476 Karoli
326 4425 375 4479 10:
401 4418 465 4489 Ipse
490 4423 587 4488 postea
611 4435 676 4472 cum
701 4418 823 4474 exercitu
847 4417 961 4472 Italiam
986 4416 1124 4486 ingressus
1150 4456 1211 4471 ...
