3030 4944
343 425 525 483 murras
543 425 576 497 Q·
595 425 628 483 o.
647 423 852 508 smmum.
888 425 924 481 A.
935 427 996 482 ssa.
1199 428 1233 480 rr

113 615 154 676 ut
175 611 269 677 iuter
292 631 350 676 eos
366 627 433 696 pax
448 614 485 676 et
500 611 685 677 concordia
700 628 742 676 ex
761 630 844 677 suus
859 609 1070 694 apostolieae
1087 610 1232 675 auotori-

111 699 197 765 tatis
220 701 468 765 ammonitione
497 702 602 784 atque
631 699 887 765 interventione
940 699 1123 764 reveniret.
1169 709 1234 765 cni

113 799 190 838 oum
215 800 264 838 rex
289 783 383 837 idem
408 800 437 838 se
462 795 682 853 magnopere
705 782 803 836 velle
821 799 920 851 respon
943 783 1033 836 'sset
1050 782 1234 851 simulque

113 854 284 924 elegatis
309 854 503 909 memorati
527 853 631 909 <lusis
656 853 881 923 inquireret,
907 862 1029 922 quamt
1058 852 1167 908 huius
1185 869 1233 923 pa·

113 925 274 979 sationis
291 924 451 979 firmitatem
464 924 554 980 faeere
573 922 768 990 deberent,¹
786 923 1060 993 responderunt
1077 923 1150 978 sibi
1168 922 1231 978 des

113 1013 177 1068 hae
204 1030 242 1068 re
266 1013 360 1068 nihil
386 1011 464 1068 esse
490 1013 719 1068 commissum
744 1021 807 1066 nee
842 1020 878 1065 se
914 1001 956 1065 de
991 1001 1057 1066 hoc
1092 1000 1234 1084 negotio

113 1089 209 1155 aliud
232 1090 396 1168 fauturos,
430 1111 534 1174 quam
563 1093 604 1154 ut
631 1109 795 1175 responsa
816 1089 907 1173 regis
931 1093 1035 1173 atque
1059 1089 1234 1174 pontificis

113 1178 253 1244 domino
269 1199 331 1244 suo
346 1182 582 1264 reportarent„
605 1189 763 1260 Quorum
781 1189 904 1244 verbis
922 1207 1014 1260 papa
1032 1193 1234 1244 commotus

113 1263 216 1317 velut
240 1261 398 1317 fallaces
423 1279 461 1316 ao
488 1261 750 1317 fraudulentos
776 1261 978 1315 anathematis
1030 1259 1132 1315 ladio
1159 1265 1233 1314 sta·

112 1333 187 1387 tuit
211 1332 416 1401 feriendos,
442 1333 467 1387 si
491 1334 533 1387 ab
558 1333 644 1387 olim
668 1331 750 1403 regi
767 1332 948 1403 promissa
967 1279 1044 1385 file
1063 1330 1232 1387 diseede·

112 1409 209 1472 rent,
235 1408 343 1473 atque
368 1404 421 1458 its
445 1403 589 1464 iniecto
606 1403 710 1474 pasis
734 1403 887 1474 negotio
906 1403 1043 1457 reversi
1061 1408 1131 1459 sunt.
1170 1401 1232 1457 Rex

113 1483 231 1548 autem
250 1491 389 1546 adoratis
407 1496 617 1548 sanatorum
636 1493 891 1561 apostolorum
910 1491 1108 1546 liminibus
1132 1480 1233 1545 votis·

113 1590 179 1654 que
202 1569 326 1709 soltrtis
348 1580 557 1651 apostoliea
574 1580 765 1637 benedietione
782 1585 954 1650 percepta
972 1580 1007 1635 in
1026 1577 1172 1634 Franciam
1190 1595 1234 1633 re·

112 1668 207 1708 versus
225 1669 254 1706 es

159 3001 161 3006 ’
220 2995 258 3052 ut
283 3013 359 3051 sum
384 3013 526 3051 uxorem
550 3013 628 3052 suam
646 2996 815 3052 Fastradam
838 2985 995 3070 filiosque
1019 3008 1059 3053 ao
1082 2986 1172 3053 filius
1196 2992 1232 3054 et

114 3093 251 3139 omnem
266 3073 480 3149 comitatum,
503 3094 606 3157 quem
630 3075 723 3159 apud
739 3094 797 3140 eos
813 3075 1001 3151 dimiserat,
1026 3087 1229 3154 wormaciam

113 3156 315 3225 invenisset,
336 3156 548 3228 generalem
566 3157 698 3227 populi
715 3158 770 3211 sui
789 3163 1002 3213 conventum
1027 3158 1079 3213 ibi
1096 3158 1232 3213 habere

114 3226 248 3283 sta-tuit.
294 3225 335 3281 In
363 3225 450 3296 qu0¹¹
483 3244 559 3282 euru
587 3228 694 3297 omnia,
726 3246 815 3298 quae
846 3230 873 3283 in
905 3227 1021 3283 Italia
1048 3235 1232 3300 gesserat,

114 3313 234 3352 soram
252 3298 430 3368 optimatibus
448 3298 504 3354 suis
522 3299 706 3354 narrando
726 3305 1048 3356 commemorasset
1067 3304 1095 3354 et
1113 3299 1155 3354 ad
1174 3318 1232 3355 ex·

277 4355 322 4398 El.
337 4355 356 4398 2.
369 4355 430 4403 ³-t4-
444 4355 506 4409 ips.
522 4356 540 4398 7.
554 4357 592 4405 (8.)
745 4381 748 4387 ·

118 4408 140 4460 s)
153 4404 244 4458 quanto
257 4407 278 4447 a.
332 4408 352 4459 t)
365 4408 389 4448 ln
402 4410 423 4449 3.
480 4412 503 4458 g)
516 4414 626 4452 uuormat.
640 4410 659 4452 8.
675 4411 697 4460 ⁷3
711 4409 839 4449 uurmaoiss
853 4411 871 4452 8,
929 4409 953 4456 lr)
967 4420 1012 4458 qua
1027 4411 1047 4452 ³.
