3030 4944
395 455 577 514 ANNALES
596 457 628 528 Q.
648 458 680 515 D.
700 455 901 513 EINHARDI.
938 456 974 512 A.
986 459 1046 515 781.
1057 459 1118 513 782.
1285 457 1320 512 te

99 661 194 714 umet.
310 651 378 706 Sed
398 640 490 705 'cum
515 641 643 705 Romae
667 645 766 716 esset,
797 652 973 706 convenit
1001 651 1100 705 inter
1125 650 1242 718 ipsum
1267 653 1321 703 at·

202 741 268 792 que
287 721 504 777 Adrianumi
528 723 765 793 pontificem,
785 726 822 777 ut
840 722 942 776 simul
960 723 1106 793 legatos
1125 722 1322 775 mitterent

202 794 237 848 ad
264 793 434 850 Tassilonem
462 794 561 848 ducem
588 793 795 863 Raioanaekrg
824 793 885 917 nui
914 810 989 848 eum
1018 795 1253 848 commonerent
1279 790 1321 844 de

202 870 385 934 sacramento,
414 864 507 935 quod
532 863 659 934 Pippino
687 865 746 936 regi
774 871 803 919 et
849 864 930 918 iliis
959 863 1036 918 eius
1064 881 1101 918 ae
1128 861 1254 917 Francis
1281 861 1321 914 iu·

201 957 342 1023 severat,
370 941 503 1007 scilicet
533 946 573 1006 ut
603 941 779 1007 subiectus
808 945 844 1006 et
871 934 1052 1005 obediens¹
1084 941 1132 1004 eis
1163 957 1236 1003 esse
1267 939 1321 1004 de-

201 1031 339 1095 bereum.
379 1041 502 1097 illecti
531 1059 569 1096 ac
597 1041 738 1096 directi
756 1045 820 1096 sunt
845 1041 880 1094 in
907 1040 999 1095 hanc
1024 1039 1255 1111 legationem
1281 1039 1323 1093 de

202 1117 307 1183 parte
325 1111 524 1182 pontificis
542 1111 729 1166 Formonsusn
752 1130 791 1166 ac
808 1111 942 1166 Damasus
962 1111 1084 1181 episcopi
1104 1116 1138 1165 et
1156 1109 1198 1164 de
1216 1115 1323 1179 parte

112 1207 114 1211 ⁴
202 1183 275 1256 regis
293 1182 482 1238 Richolfus⁰
512 1182 655 1238 diaconus
681 1188 790 1252 atque
815 1181 1041 1237 Eburhardusv
1064 1182 1197 1252 magister
1215 1181 1322 1250 pincer-

202 1271 307 1310 narum.
343 1253 411 1323 Qui
437 1271 529 1321 cum,
555 1259 593 1308 ut
618 1254 711 1307 inssi
737 1258 856 1322 erant,
883 1264 980 1308 cume
1003 1257 1204 1307 memorato
1232 1251 1323 1305 duce

202 1326 342 1382 locutir
365 1331 521 1392 essent·,
546 1325 581 1379 in
608 1329 751 1379 tantum
770 1342 833 1380 cor
857 1324 935 1380 eius
962 1324 1168 1379 emollitum
1189 1327 1259 1391 est,
1286 1325 1324 1376 ut

202 1412 361 1473 diceret.
380 1430 415 1467 se
437 1401 556 1466 statim
573 1413 669 1467 velle
688 1412 722 1466 ad
741 1414 841 1484 regis
859 1430 1062 1483 properare
1080 1412 1274 1482 praesentiam,
1293 1411 1324 1464 si

203 1501 272 1556 sibi
294 1489 383 1554 tales
407 1501 516 1556 obsides
534 1501 700 1570 danturt,
732 1490 795 1555 sub
826 1490 952 1574 quibus
975 1491 1018 1555 de
1042 1509 1104 1554 sua
1127 1488 1240 1554 salute
1265 1487 1323 1551 du-

204 1578 315 1644 bitare
330 1577 429 1643 nulla
444 1579 490 1642 sit
505 1578 701 1644 necessitas.
738 1589 877 1661 Quibus
895 1590 993 1644 datis
1010 1579 1083 1644 sine
1100 1576 1323 1643 cunctatione

203 1661 276 1730 apud
292 1660 500 1715 wormaciam
522 1661 557 1714 ad
575 1679 684 1732 regem
703 1662 820 1729 venit,
839 1665 1088 1730 sacramentumv,
1108 1659 1203 1730 quod
1222 1660 1324 1714 iube·

203 1749 325 1818 batur,
352 1749 524 1817 iurante,
544 1749 652 1804 obsides
671 1748 825 1819 duodecim,
851 1749 912 1818 qui
931 1749 1225 1818 impetebantur,
1250 1735 1324 1800 sine

204 1846 299 1890 mora
327 1836 444 1904 dedit3
472 1854 553 1907 quoa
585 1836 814 1904 sindbertum,
841 1825 1068 1910 Reginensis¹
1096 1836 1253 1907 episcopus
1281 1824 1324 1889 de

160 1953 162 1957 ·
205 1913 373 1992 Baioaria¹
399 1924 590 1980 inOarisioco
616 1925 658 1979 a‹l
684 1931 922 1995 conspectum
948 1927 1049 1996 regis
1067 1925 1231 1981 adduxit.
1269 1923 1325 1979 Sed

205 1996 297 2050 idem
322 1996 377 2050 dux
401 1996 540 2050 domum
559 2014 711 2051 reversus
729 2014 784 2050 non
803 1997 850 2050 diu
864 1997 904 2050 in
924 2015 977 2066 ea,
1004 2013 1093 2066 quam
1118 1996 1324 2065 promiserat,

204 2067 259 2122 fide
277 2067 465 2137 permansit.
494 2066 556 2122 Rex
575 2073 684 2121 autem
704 2067 732 2122 in
752 2067 865 2122 eadem
878 2067 1110 2122 villahiemem
1130 2067 1322 2121 transiens!

206 2144 240 2193 et
257 2140 377 2193 natalem
396 2138 508 2193 Domini
527 2144 555 2192 et
573 2139 674 2208 pascha
694 2139 818 2193 eodem
837 2140 873 2192 in
891 2140 993 2193 locoz
1017 2139 1175 2195 celebravit.

727 2739 801 2811 782.

312 2861 531 2919 nccuxml.
571 2852 724 2916 Aestatis
754 2852 865 2926 initio,
898 2872 976 2916 cum
1006 2852 1075 2915 iam
1106 2855 1248 2936 propter
1271 2873 1324 2936 pa-

206 2939 280 3004 buli
296 2941 452 3024 copiam²
468 2941 637 3005 exercitus
654 2941 734 3004 duci
750 2943 897 3025 poterat,
919 2941 955 3004 in
972 2940 1154 3005 Saxoniam
1173 2941 1325 3004 eundum

205 3033 241 3094 et
263 3028 323 3106 ibi,
347 3032 388 3092 ut
410 3029 448 3092 in
471 3028 617 3093 Francia
640 3030 825 3112 quotannis
849 3029 997 3106 solebat,
1029 3028 1225 3113 generalem
1250 3049 1326 3093 oon-

205 3121 344 3183 ventum
377 3116 575 3183 habendum
606 3118 750 3182 censuit.
798 3128 1034 3198 Traiectoque
1061 3128 1154 3198 apud
1182 3127 1326 3182 Coloniam

205 3216 337 3287 Rhenus,
365 3226 443 3270 cum
459 3206 553 3269 omni
570 3205 780 3270 Francorum
796 3207 949 3270 exercitu
974 3217 1012 3271 ad
1032 3218 1161 3271 sontem
1180 3215 1321 3286 Lippiueb

205 3306 323 3374 venit,
350 3310 384 3360 et
409 3306 545 3360 castris
569 3306 738 3376 pusitius,
762 3313 824 3378 per
847 3295 920 3360 dies
941 3315 1011 3359 non
1034 3315 1162 3378 paucos
1189 3306 1325 3360 ibidem

205 3747 223 3799 1)
236 3748 367 3790 badi-lanum
382 3751 400 3791 1.
415 3748 433 3791 2.
492 3694 769 3799 (k))bsloarl}se)ducem
784 3751 803 3788 1.
818 3748 838 3791 2.
923 3748 940 3796 1)
953 3748 1058 3800 obediens
1072 3749 1091 3791 Ω,
1105 3748 1126 3789 8.
1140 3749 1164 3798 63
1186 3745 1293 3789 obediens
1307 3750 1326 3793 7.

205 3804 236 3850 ml
250 3801 362 3843 sublectus
375 3803 407 3842 als
421 3805 480 3842 mast
493 3806 517 3842 et
529 3801 634 3842 obediens
649 3802 667 3844 8.
682 3803 702 3846 4.
712 3801 731 3844 5.
785 3803 808 3850 n)
822 3802 931 3842 formosus
945 3806 1014 3850 atqua
1028 3799 1140 3842 damulus
1152 3803 1170 3844 l.
1224 3801 1246 3852 o)
1259 3802 1322 3843 nicol·

206 3855 262 3906 phua
276 3855 301 3906 ὃς
317 3855 408 3895 ricolfus
422 3855 442 3899 ὅ,
496 3854 520 3905 p)
535 3855 672 3896 ebenhardus
687 3857 705 3897 1.
720 3857 740 3895 7.
804 3854 828 3904 q)
842 3861 1013 3895 commemorato
1027 3852 1079 3894 duci
1092 3855 1113 3897 8.
1126 3855 1166 3905 (4.)
1179 3855 1198 3899 t.
1260 3857 1280 3906 r)
1293 3856 1326 3895 lo·
1422 3885 1424 3890 ,

206 3908 269 3958 quun
283 3910 301 3950 1.
315 3909 335 3951 2.
389 3910 408 3957 o)
423 3908 626 3958 minentd.(4.)b.
672 3908 989 3957 t)denturobsldes³.4(non
1003 3908 1034 3958 b).
1088 3909 1326 3955 uluuonnatisml.l.

205 3960 230 4013 v)
244 3972 336 4003 sacrem.
349 3961 409 4010 qnod
423 3961 468 4004 lnb.
484 3962 525 4004 lun.
538 3963 613 4001 musa
629 3964 647 4004 1.
706 3965 735 4010 w)
749 3959 882 4003 studeamus
896 3963 915 4004 1.
969 3960 994 4011 x)
1008 3961 1125 4011 aennensis
1140 3962 1159 4003 l.
1217 3965 1241 4012 5)
1256 3966 1326 4003 nane

205 4015 269 4066 lgent
284 4016 304 4055 1.
318 4015 338 4056 (l.
391 4012 684 4064 e)lnloeoeodem8.·l.

313 4067 359 4110 182.
385 4070 408 4116 a)
421 4078 477 4108 reno
490 4068 512 4108 8.
575 4066 599 4119 b)
613 4069 690 4119 lyppia
703 4067 723 4111 8.
791 4070 812 4115 c)
825 4066 858 4107 lbl
872 4078 919 4117 pos.
933 4067 951 4110 8,

279 4208 307 4278 1)
326 4209 397 4264 Anu.
410 4209 491 4263 Fuld.
506 4211 571 4265 781:
598 4205 704 4261 Tassilo
727 4206 784 4260 dux
802 4205 947 4261 Baioariae
966 4249 972 4262 .
993 4251 999 4261 .
1021 4247 1026 4260 .
1046 4206 1120 4275 apud
1138 4207 1326 4260 Wcrmaciam

208 4321 214 4335 .
234 4321 240 4335 .
259 4277 436 4333 subiectionis
453 4277 537 4343 fidem
556 4277 631 4346 facit,
656 4277 808 4332 honorifice
826 4279 955 4333 remissus
975 4277 1010 4331 ad
1028 4295 1085 4332 sua.
1157 4281 1185 4336 2)
1204 4280 1275 4334 cau.
1295 4281 1327 4331 dc

206 4351 241 4490 ge
242 4349 320 4486 31}
316 4350 375 4487 ag,
385 4352 415 4405 2:
437 4349 506 4404 inita
524 4354 626 4404 aestate
650 4393 656 4406 .
678 4391 684 4405 .
704 4387 711 4405 .
735 4366 798 4403 cum
823 4348 944 4418 primum
963 4348 1058 4418 pabuli
1083 4348 1163 4417 copia
1181 4366 1239 4403 esse
1258 4349 1326 4403 inci·
