3030 4944
155 428 184 486 X
605 427 835 488 PRAEFATIO.

157 612 405 680 Brontoomenoi
414 612 435 692 ¹,
458 617 496 679 ut
516 613 650 696 uidetur,
675 619 836 679 exaratus.
879 611 1165 693 territoriorum
1187 613 1281 682 conti-

156 707 268 785 netque
282 701 418 768 annalee
433 702 474 768 ab
491 700 584 768 initio
597 721 695 784 noque
714 703 760 768 ad
779 699 872 783 idem,
896 721 958 785 quo
972 700 1007 768 B
1024 707 1041 767 1
1058 701 1131 785 ecit,
1154 704 1284 770 uerbum

157 811 223 858 non
244 790 384 858 mutituc.
430 790 508 875 Ipoe
529 812 600 857 cum
624 789 769 857 Sundiae
791 813 822 857 a.
842 796 938 857 1892.
962 789 1091 859 emetuti.

263 879 297 946 B
313 885 345 946 5.
361 878 510 946 Annua
529 877 662 962 I'iliani,
686 878 743 963 qui
764 880 924 960 feruutur,
943 880 1088 963 primum
1102 900 1125 945 a
1144 877 1282 946 Otreenio

81 967 83 970 ⁴
155 967 193 1036 in
220 967 391 1035 Historiae
419 967 603 1035 Francicae
632 967 748 1052 Script.
779 975 861 1035 tomo
891 968 946 1035 ΙΙ.
978 965 1024 1052 (p.
1049 970 1202 1054 11-21)
1234 967 1311 1035 ‘ea‘

155 1056 288 1141 antiano
304 1056 408 1124 codice
423 1056 500 1124 Μο.
517 1055 680 1123 Iohanni-c
698 1056 800 1141 Filii',
825 1057 882 1141 aui
889 1056 1028 1141 periieoe
1042 1057 1175 1140 uidetur,
1194 1056 1281 1141 editi,

156 1145 270 1214 deinde
292 1167 315 1211 a
334 1144 464 1213 Perteio
481 1145 519 1211 in
543 1145 638 1212 Mon.
663 1143 771 1212 Germ.
795 1145 856 1214 00.
876 1153 958 1212 tomo
979 1146 1012 1213 Ι.
1040 1142 1086 1230 (p.
1106 1151 1171 1212 219
1196 1147 1280 1231 cao.)

127 1270 129 1274 ν
154 1234 275 1302 iterati
318 1233 648 1303 Continent'anuatec
665 1232 770 1318 reciae
791 1236 832 1301 ab
853 1233 948 1302 initio
970 1254 1069 1318 utque
1091 1235 1136 1301 oct
1156 1255 1188 1302 a.
1206 1240 1281 1300 807.

155 1323 193 1391 in
215 1329 386 1409 anamotum
408 1329 530 1391 coactor
544 1320 754 1406 amnemque
768 1323 872 1390 verbio
891 1325 1035 1391 diversis
1057 1325 1172 1393 tincto
1193 1323 1282 1391 colo

155 1413 262 1481 ribus.
302 1413 460 1479 Fuerunt
482 1412 597 1479 mutili.
641 1411 770 1480 Oodicio
791 1411 905 1479 amicti
927 1412 994 1480 ioco
1015 1411 1112 1480 editio
1128 1431 1281 1496 princepe

155 1523 177 1567 a
199 1523 249 1569 me
270 1507 387 1569 iterum
409 1501 525 1569 collata
546 1507 602 1568 cot.
1243 1501 1247 1521 ¹

267 1589 359 1657 Libri·
373 1611 448 1657 neoc.
465 1591 577 1658 clacoic
597 1589 632 1674 0,
655 1595 692 1657 ut
705 1589 775 1656 otia
790 1589 971 1658 omittamus
979 1591 1001 1674 ¹,
1025 1589 1072 1657 eie
1079 1588 1283 1675 potucimmn

155 1678 288 1747 indiciis
311 1686 550 1763 coanocarntur,
581 1680 736 1762 quocica,
767 1699 849 1761 quae
877 1680 924 1745 aa
944 1700 976 1745 a.
995 1684 1069 1745 778.
1093 1686 1123 1746 et
1147 1683 1222 1744 778.
1244 1677 1282 1745 in

155 1767 302 1853 maraine
317 1767 435 1836 codicr'o
449 1767 642 1852 autocrapii
655 1766 805 1834 ridentur
819 1767 944 1835 adiecta
957 1767 1060 1850 fauce
1068 1767 1090 1851 ³,
1113 1766 1191 1834 aliie
1205 1766 1283 1836 um

155 1863 249 1940 atoue
272 1855 367 1924 ceteri
389 1855 510 1924 codicec
524 1856 672 1922 exhibent
693 1862 723 1922 et
740 1857 785 1922 ad
805 1877 837 1922 a.
855 1861 931 1923 828.
947 1877 1048 1924 unum
1062 1856 1283 1924 crecentiatum⁴

108 2009 110 2013 ,
155 1945 280 2028 tabent,
296 1947 382 2028 quaet
403 1944 515 2012 ceterie
537 1946 630 2012 decet.
668 1943 781 2011 Huius
796 1943 909 2012 cuim
923 1946 1007 2012 duae
1028 1951 1103 2012 eunt
1117 1943 1282 2028 familiae:

155 2034 259 2102 attera
267 2035 387 2118 pendet
402 2055 420 2101 c
434 2033 540 2101 codice
554 2033 672 2117 aliquo,
684 2032 722 2100 iu
736 2054 798 2118 ouo
812 2033 988 2101 annaiibnc
1001 2033 1102 2102 Inter
1116 2033 1284 2102 Hutoriae

155 2124 362 2190 Francorum
377 2143 448 2191 cum
456 2128 553 2207 parte
567 2122 818 2189 continuationis
828 2122 1022 2208 Fredeoarii
1038 2119 1081 2202 (c.
1096 2129 1283 2207 107-110,

156 2213 192 2280 in
214 2211 352 2278 editione
374 2210 588 2278 Kruectriaua
614 2212 761 2296 10-24)
778 2211 1045 2295 praemittebatur
1065 2207 1160 2297 (Oc),
1179 2212 1283 2294 altera
1331 2221 1334 2226 ’

155 2322 194 2368 ca
216 2298 390 2368 annairino
412 2301 453 2366 air
475 2300 584 2384 ionoto
612 2301 750 2383 quodam
773 2301 923 2367 aactore‘
952 2321 1051 2384 mone
1079 2303 1125 2368 ad
1152 2321 1183 2366 a.
1205 2306 1280 2380 887,

155 2411 179 2456 a
200 2389 378 2457 Prudentia
401 2388 542 2474 emccopo
565 2388 755 2457 Trecaooiuo
776 2408 875 2472 usaue
897 2392 943 2457 aa
963 2411 994 2459 a.
1009 2394 1097 2473 881,
1120 2392 1162 2458 ao
1180 2388 1282 2458 Hinc·

155 2499 247 2545 maro
269 2477 505 2562 archiepiscopo
527 2477 679 2545 Renunci
715 2498 813 2562 acque
842 2480 888 2545 aa
915 2500 947 2544 a.
971 2484 1057 2562 882,
1088 2477 1283 2546 continuatio

158 2563 252 2652 (Cy).
287 2566 364 2650 Ipee
378 2567 479 2651 icitur
493 2569 590 2634 coiea
609 2566 680 2635 Oie
694 2565 819 2634 uidetur
832 2565 943 2651 suiece,
965 2566 1017 2635 cui
1032 2567 1146 2656 prima
1167 2567 1283 2633 tarnim

156 2654 431 2723 continuationum
447 2652 648 2741 (880-887)
671 2654 825 2727 adiuncta
848 2662 912 2738 eat;
934 2655 1071 2724 codicem
1092 2662 1198 2723 omer»
1224 2655 1282 2739 Oe,

156 2750 253 2813 outca
274 2765 371 2828 ariam
393 2765 432 2811 ea
454 2743 652 2812 continuatio
670 2744 884 2828 incoharetur,
907 2744 930 2814 i.
946 2767 973 2812 c.
988 2743 1059 2829 ipro
1073 2745 1142 2835 fere
1156 2767 1189 2812 a.
1206 2750 1282 2811 880.

156 2836 309 2918 cornutum
331 2854 398 2901 ecee
419 2854 543 2901 nececce
565 2840 620 2900 eet.
667 2833 779 2901 Huiuo
800 2835 864 2900 duo
886 2839 962 2900 cunt
988 2834 1149 2918 mencio:

269 2921 298 2990 0
313 2922 342 2988 1’.
366 2924 463 2990 cudae
477 2921 655 2990 Paricinuc
681 2928 787 2989 10911
806 2918 924 3006 (cuppl.
941 2922 997 2989 lat.
1017 2924 1097 3008 125)
1111 2944 1195 2991 caec.
1210 2923 1280 2990 IX.

158 3007 211 3091 (in
233 3013 281 3079 ed.
305 3010 413 3078 Pertr-
437 3033 470 3077 u.
488 3016 535 3096 8),
563 3011 640 3078 olim
662 3010 852 3078 Leodicuoie
873 3017 912 3095 et,
942 3016 979 3078 ut
1006 3011 1072 3095 ipsi
1093 3011 1303 3096 inscriptum·

156 3106 217 3184 eet,
255 3099 303 3166 ‘ea
332 3098 421 3167 Broc.
453 3100 512 3167 Ill.
541 3098 689 3167 Baronic
723 3101 761 3166 de
795 3099 944 3168 Oraoeier
970 3100 1015 3166 A.
1042 3106 1137 3168 1758.
1167 3099 1283 3167 Leodii

156 3188 358 3257 divenditne'.
405 3189 481 3273 Ipoe
510 3210 581 3255 eum
605 3187 766 3258 Sundiam
795 3195 825 3255 et
855 3188 931 3256 inde
960 3188 1153 3257 Beroiinum
1178 3194 1282 3256 mano

12 3284 15 3291 ”
156 3277 289 3344 miooum
311 3277 441 3344 contuli.
481 3276 630 3345 Continet
652 3275 789 3343 Librum
808 3277 981 3345 Historiae
1001 3278 1206 3346 stantarum
1227 3279 1282 3344 ad·
1322 3295 1323 3298 ’

156 3365 275 3434 iunctio
297 3365 492 3450 Fredeoarii
522 3365 702 3434 continuati
728 3387 818 3452 capp.
847 3365 1069 3435 GVH-ax
1090 3373 1121 3434 et
1147 3366 1284 3434 annales

156 3456 265 3523 cadem
287 3475 388 3521 manu
410 3461 569 3522 eaaratoc.
615 3455 671 3522 Ea
693 3455 751 3523 trac
774 3454 949 3540 Monetae
969 3455 1096 3524 uidetur
1117 3463 1184 3522 ecee
1357 3467 1358 3471 ’

269 3542 370 3611 018.
395 3546 491 3611 codec
519 3543 683 3612 Quocum
705 3566 738 3612 n.
756 3550 852 3611 254a
873 3566 955 3613 eaeo.
982 3544 1148 3612 XVIII.⁶

269 3632 342 3701 02.
367 3634 463 3700 codee
477 3632 738 3718 Petropolitanue
752 3634 793 3699 L.
810 3633 853 3700 F.
874 3633 944 3702 oco.
961 3633 1029 3700 IV.
1046 3655 1078 3701 n.
1096 3638 1117 3699 4
1135 3653 1217 3700 eaeo.
1235 3632 1281 3699 X.

156 3720 194 3789 in
222 3720 415 3789 mmactemo
446 3721 665 3790 0171778777
695 3720 896 3790 Siceecionico
924 3721 1062 3805 corruta-e
1090 3728 1120 3789 et
1142 3743 1164 3788 a
1187 3721 1283 3789 Petro
1339 3749 1342 3755 ·

160 3809 360 3897 Dubrouoiry
377 3817 452 3878 ante
474 3811 532 3877 troo
553 3812 622 3892 fere
645 3817 768 3877 centum
790 3832 895 3879 annor
916 3811 954 3878 iu
969 3811 1124 3878 Rueoiam
1146 3811 1281 3879 ablatae.

161 3898 308 3968 Continet
316 3906 391 3984 poet
402 3899 539 3966 Librum
550 3899 718 3966 Historiae
729 3901 935 3967 Francorum
949 3920 989 3967 ea
999 3900 1199 3984 Fredeaario
1214 3920 1283 3968 oon
1335 3967 1337 3970 ,

148 3988 281 4056 tinuato
302 3996 431 4056 auctum
452 3995 482 4054 et
504 3988 654 4056 Annaiec
667 3987 775 4074 Reorn
790 3989 995 4056 Francorum
1016 3988 1113 4057 etiam
1134 3989 1284 4057 Annales

155 4076 347 4144 Bauaricoo
361 4076 483 4143 Breceo
499 4073 578 4155 (00.
593 4076 676 4160 XX,
690 4080 738 4163 8),
758 4076 867 4145 Vitam
881 4077 1013 4163 Karoii,
1037 4078 1144 4146 Vitam
1158 4078 1283 4145 mado

264 4267 291 4336 1)
308 4269 338 4325 V.
357 4267 439 4332 infra
455 4285 482 4338 p.
492 4268 537 4324 28.
633 4269 663 4338 2)
683 4268 726 4334 Of.
746 4269 845 4326 ‘N..4.'
857 4270 938 4339 XIX,
952 4272 1005 4328 807
1015 4287 1054 4340 ⁰4·
1150 4271 1180 4340 8)
1197 4271 1282 4336 Infra

151 4355 183 4408 p.
195 4340 239 4396 88.
258 4340 294 4396 88
310 4346 335 4394 et
352 4341 397 4396 44.
414 4340 460 4396 48.
513 4341 544 4408 4)
564 4340 594 4395 V.
613 4339 695 4406 infra
710 4357 738 4410 p.
753 4343 813 4399 178.
872 4341 900 4413 8)
920 4341 1179 4408 Qumflruumum
1196 4343 1283 4408 futen

154 4412 283 4480 accpiter.
355 4410 385 4482 8)
403 4409 588 4480 ‘emotum
602 4412 664 4468 877.
782 4419 785 4426 “
