3030 4944
340 398 522 456 mnsam
541 399 573 471 Q.
592 400 624 457 n.
644 400 847 472 maniam.
886 402 921 460 A.
933 407 1065 463 aranu
1233 409 1268 465 aa

137 609 252 655 rerum
282 585 433 652 feliciter
462 586 500 648 in
530 583 721 669 Hispania¹¹
754 589 932 670 gestarum
963 587 999 651 in
1034 588 1137 655 corde
1169 589 1260 674 regis

138 676 365 743 obnubilavit.

244 775 373 831 Ιπιῐετοειι
402 773 525 830 Saxones
557 761 655 827 velut
689 763 902 829 occasionem
938 765 1078 829 nancti⁰
1113 766 1260 850 sumptis

138 855 241 920 armis
267 865 302 920 sd
326 863 476 919 Rhenuml
499 879 584 932 usque
609 861 773 932 profecti
791 868 882 920 sunt.
929 852 996 918 Sed
1021 875 1100 919 eum
1124 875 1260 929 amnem

136 945 284 1009 traicere
313 960 384 1006 non
414 942 564 1024 possent,
596 939 759 1023 quicquid
784 960 806 1004 a
828 940 952 1006 Diutia
982 943 1124 1008 civitate
1151 962 1261 1030 usque

137 1033 181 1097 ad
213 1031 366 1096 fluentatl
394 1027 560 1094 Mosellae
593 1028 747 1092 vicorum
776 1028 1005 1114 villarumque
1034 1032 1262 1106 fattarae

137 1116 216 1188 ignir
250 1112 465 1238 degopnlstr
494 1114 586 1166 sunt.
635 1109 721 1165 Pari
755 1111 858 1166 modo
893 1130 996 1168 sacra
1031 1112 1262 1184 profanaque

48 1197 50 1200 ‘
163 1202 281 1242 essum
314 1187 387 1252 sts3
419 1182 560 1237 nullum
589 1183 727 1237 aetatis
758 1187 819 1237 ant
845 1200 953 1238 sexus
981 1184 1180 1241 discrimen
1205 1185 1262 1242 irs

136 1205 255 1312 bostis
283 1253 453 1320 fecerat',
481 1258 520 1307 ut
546 1252 691 1322 liquido
722 1261 935 1325 appareret,
967 1273 1027 1310 eos
1057 1273 1127 1311 non
1155 1273 1262 1326 prae·

137 1327 262 1392 dandi,
280 1325 342 1395 ssd
361 1325 560 1379 ultionem·
586 1324 786 1379 exercendi
803 1326 925 1396 gratis
940 1325 1112 1382 Francorum
1130 1327 1262 1383 terminos

137 1398 324 1453 introisse.
352 1395 462 1450 Ouius
480 1395 534 1450 rei
552 1394 693 1449 nuntium
712 1396 807 1450 cnmt
831 1414 887 1451 rex
906 1397 993 1466 spud
1011 1396 1258 1454 autesiodorumu

136 1489 275 1543 civitatem
294 1484 517 1553 accepisset,
536 1483 745 1552 cx'templov
768 1472 917 1541 Francos
933 1475 1144 1541 orientalesW
1157 1478 1262 1560 atque

136 1565 349 1630 Alamannos
366 1573 401 1628 ad
419 1572 704 1642 propulsandum
721 1572 864 1629 hostem
882 1573 1012 1630 festinare
1030 1576 1148 1632 iussit.
1177 1575 1262 1645 Ipse

137 1654 283 1720 ceteris't
310 1651 418 1736 copiis
449 1649 598 1714 dimissis
621 1660 862 1717 Heristalliumr
884 1663 999 1732 villam,
1029 1653 1065 1716 in
1096 1674 1164 1736 qua
1192 1653 1262 1719 hie·

137 1763 230 1808 mare
262 1741 500 1814 constituerat,
532 1750 642 1806 venit.
693 1739 742 1803 At
765 1739 891 1806 Franci
915 1745 951 1806 et
974 1741 1170 1818 Alamanni,
1202 1743 1261 1825 qui

137 1835 259 1896 contra
289 1830 439 1894 Saxones
468 1827 563 1892 missi
594 1830 710 1905 erant,
749 1829 884 1911 magnis
914 1830 1098 1895 itineribus
1129 1831 1173 1894 ad
1204 1850 1262 1897 eos

136 1921 186 1986 ire
222 1918 455 1993 contendunt,
492 1916 521 1980 si
555 1916 648 1981 forte
683 1917 721 1980 in
756 1917 883 1982 finibus
918 1920 989 1983 suis
1019 1939 1076 1983 eos
1106 1919 1262 1986 invenire

136 2013 286 2094 possent.
333 2017 390 2074 Sed
416 2017 457 2071 illi
484 2017 553 2070 iam
580 2033 618 2072 re
645 2022 800 2086 peracta
826 2019 1094 2073 revertebantur
1123 2020 1164 2073 ad
1192 2037 1261 2075 sus.

135 2108 274 2180 Quorum
292 2106 415 2178 vestigia
433 2107 553 2174 secutit,
573 2106 626 2175 qui
644 2123 660 2160 a
679 2123 765 2177 rege
789 2106 877 2161 missi
903 2106 1087 2177 lucrante,
1110 2097 1147 2160 in
1172 2117 1262 2182 pago

135 2179 361 2251 Hassiorum*
385 2211 467 2263 super
485 2193 600 2248 flurium
612 2192 768 2249 adernam
786 2196 855 2251 iter
873 2201 1014 2267 agentes
1032 2196 1258 2252 inveneruntb

135 2303 270 2355 eosque
295 2272 415 2337 statim
439 2270 474 2334 in
498 2271 573 2355 ipso
597 2271 749 2336 fluminis
765 2273 854 2337 vado
878 2273 992 2337 adorti
1014 2290 1119 2340 tanta
1138 2290 1263 2359 strage

136 2374 382 2440 ceciderunt0,
400 2376 438 2426 ut
456 2388 497 2425 ex
515 2371 872 2441 ingentimultitudine
890 2372 1055 2442 ipsorum
1077 2363 1135 2431 vix
1159 2365 1262 2448 pauci

136 2446 278 2501 domum
297 2440 481 2517 fugiendo(l
504 2443 722 2511 pervenisse
741 2443 924 2501 dicantur.

25 2807 68 2856 υ.
77 2805 122 2848 161.
406 2763 408 2768 .
651 2779 736 2853 ⁸779.

239 2903 492 2962 nccnxxvnn.
530 2903 577 2959 at
599 2921 648 2959 rex
666 2904 707 2960 de
726 2903 933 2972 Heristallioss,
956 2893 1017 2959 ubi
1041 2895 1254 2961 hiemaverat

133 2988 170 3049 et
188 2996 248 3051 ubi
266 2996 387 3049 natalem
405 2993 517 3048 Domini
536 3010 575 3048 ac
593 2997 755 3047 sanctum
775 2993 877 3062 pascha
895 2994 1122 3061 celebraverat,
1147 2983 1262 3068 prima
1325 2988 1332 3020 ⁵

132 3073 223 3138 veris
245 3072 412 3157 temperie
440 3089 579 3135 movens
611 3079 846 3151 Compendiumb
875 3082 958 3139 venit.
1002 3082 1047 3137 Ft
1071 3100 1147 3138 cum
1177 3084 1263 3141 inde

133 3164 284 3246 peracto,
332 3181 370 3255 ro
384 3163 450 3255 ⁴ter
470 3159 565 3296 guod
588 3163 740 3254 venerat,
764 3159 929 3245 negotio³
952 3172 1175 3254 revertissete,
1202 3189 1261 3228 cc·

133 3245 245 3299 currit
264 3245 289 3299 ei
337 3245 356 3298 ll
383 3243 469 3298 ibren
489 3239 541 3295 ua(l
563 3240 619 3296 dux
637 3241 808 3311 Spohanuse
832 3259 896 3297 cum
914 3259 1053 3315 magnis
1072 3243 1262 3299 muneribus

240 3421 267 3491 *)
284 3420 318 3476 In
336 3419 547 3476 Baddanfeldun
566 3420 627 3476 ΕΘ.

133 3582 489 3688 altnlnspsnls231nlry(sp.'l.
524 3581 615 3686 amicti
624 3635 644 3677 ³.
653 3635 674 3677 6.
702 3632 726 3685 p)
736 3643 813 3673 renum
824 3634 844 3676 8.
872 3632 1121 3683 praecantans.
1148 3632 1259 3684 rllgnet.

133 3693 153 3740 s)
167 3690 252 3731 ultione
266 3690 286 3733 6.
303 3690 321 3732 l.
377 3691 394 3738 t)
408 3689 509 3729 sumtum
524 3698 583 3729 rex.
598 3699 604 3731 .‘
619 3720 625 3731 .
639 3699 688 3728 cum
703 3688 824 3737 accepisses
838 3686 851 3726 8
864 3687 919 3732 (sou
930 3687 960 3738 t).
1014 3689 1039 3735 ιι)
1052 3685 1218 3728 autesiodorum
1233 3688 1259 3739 Β)

133 3743 294 3785 surlslodorum
307 3743 328 3786 6.
343 3744 362 3786 t.
456 3741 480 3791 ν)
494 3742 596 3792 exemplo
610 3743 634 3792 13
657 3741 765 3790 extimplo
778 3741 800 3782 t.
813 3741 833 3782 6.
848 3741 866 3781 l.
961 3742 990 3788 w)
1008 3741 1089 3783 orient.
1103 3741 1192 3781 trsncos
1206 3741 1225 3783 t.
1241 3743 1260 3786 l.

133 3801 157 3847 x)
171 3798 267 3838 caeteris
282 3801 300 3840 1.
315 3796 334 3839 t.
348 3797 367 3838 6.
422 3794 447 3848 y)
460 3795 598 3836 heristallnm
612 3797 631 3838 7.
686 3795 706 3843 ι)
720 3794 810 3844 sequuti
826 3794 844 3834 1.
858 3793 877 3835 t.
927 3792 950 3844 a)
964 3793 1054 3834 ruerant
1067 3793 1086 3835 t.
1102 3794 1121 3836 l.
1170 3793 1194 3844 b)
1208 3804 1259 3845 rsp-

134 3855 241 3902 persrnnt
255 3850 274 3894 t.
287 3850 307 3893 b.
361 3851 382 3898 c)
397 3845 523 3889 clclderunt
536 3848 555 3891 t.
610 3845 634 3894 (l)
649 3844 731 3888 mendo
746 3849 764 3890 1.
778 3847 797 3889 2.

241 3903 286 3946 'tta
314 3903 336 3953 s)
350 3902 467 3944 heristallo
480 3902 500 3945 2.
555 3900 579 3952 b)
593 3897 732 3951 compedium
748 3902 766 3944 1.
827 3897 849 3949 c)
863 3902 1018 3940 reuertentur
1032 3899 1051 3942 8.
1065 3900 1085 3942 b.
1144 3895 1168 3947 d)
1187 3896 1260 3942 bilds·

134 3954 233 3999 brandus
246 3957 266 4002 ἱ.
279 3957 299 4000 8.
314 3957 332 3999 l.
396 3959 418 4004 e)
431 3955 556 4006 spolitanus
571 3954 593 3998 t.
604 3956 616 3995 t
623 3965 629 4005 3
645 3953 773 4004 spoletanus
787 3953 806 3996 8.

242 4101 269 4168 1)
288 4099 360 4154 Ana.
381 4097 458 4153 autc.
471 4099 538 4153 tte:
559 4094 671 4150 Interea
690 4092 813 4149 Saxones
832 4137 838 4149 .
859 4137 865 4150 .
885 4092 1053 4148 Francorum
1072 4092 1204 4146 terminos
1224 4137 1230 4149 .
1251 4132 1259 4148 .

134 4169 207 4223 ferro
227 4173 256 4223 et
274 4168 330 4239 igni
349 4168 500 4222 devastant.
627 4166 656 4232 2)
673 4166 717 4231 Cf.
741 4166 804 4221 Tac.
824 4165 991 4232 asahel:
1017 4179 1073 4216 non
1098 4180 1177 4218 sexus
1202 4180 1259 4218 non

135 4245 208 4294 aetas
227 4239 437 4294 miserationem
450 4237 556 4292 attulit:
582 4235 698 4306 prolana
715 4235 796 4289 simul
816 4239 844 4290 et
861 4251 937 4290 sacra
956 4277 961 4290 .
983 4277 988 4290 .
1012 4234 1071 4288 solo
1091 4238 1258 4304 acquantum

134 4318 158 4366 et
171 4312 229 4367 Liv.
240 4312 320 4376 XXI,
332 4315 378 4368 15:
398 4310 446 4364 vix
464 4310 552 4363 ullum
569 4307 716 4362 discrimen
736 4306 833 4362 aetatis
851 4306 892 4360 ira
910 4305 1013 4360 iecerat
1031 4306 1104 4373 (Μ.)
1169 4308 1197 4374 3)
1214 4306 1256 4371 Of.

138 4381 487 4438 Protesilaeam:
512 4382 632 4449 peracto,
658 4377 865 4448 propterquod
889 4381 1017 4444 venerat,
1048 4376 1158 4447 negotio
1184 4376 1257 4443 (D).
