3030 4944
327 416 537 494 ,suumne
556 417 588 487 Q.
607 417 640 474 o.
659 413 862 473 clunium.
898 416 1007 473 nuc.
1193 419 1244 473 109

127 628 194 666 nore
217 619 278 684 per
301 599 434 683 legatos
458 599 558 683 regis,
589 600 648 683 qui
679 620 757 664 cum
782 618 822 665 eo
845 598 941 663 missi
964 602 1056 676 sunt,
1080 598 1245 663 reductus

126 691 229 771 etque
253 689 290 751 in
313 687 428 753 locum
450 708 552 753 suum
574 688 758 753 restitutus
781 690 844 753 est.

231 787 306 857 Quo
325 787 443 842 dimum
462 795 523 841 rex
546 795 673 860 paucos
696 776 769 842 dies
791 776 922 841 ibidem
946 778 1101 840 moratus
1119 787 1245 858 legatum

125 874 288 931 Michshelis
311 864 449 949 patricii
468 875 510 930 de
528 875 622 931 Sicilia
644 876 755 930 nomine
773 875 967 930 Dnniheiemt
992 875 1028 929 od
1046 891 1082 929 se
1099 875 1245 929 missum

125 964 294 1021 absolvit.
345 952 491 1037 Accepit
527 952 633 1017 etism
665 953 803 1018 tristem
833 952 997 1016 nuntium
1028 952 1070 1017 de
1102 949 1245 1016 Geroldi

125 1043 161 1105 eb
199 1038 313 1106 Erieiu
350 1040 512 1119 interitu,
552 1069 702 1122 quorum
733 1053 841 1123 slter,
872 1052 1030 1108 (ireroldusv
1063 1050 1246 1106 videlicet

124 1121 267 1176 Boiosrise
285 1122 455 1192 praefectus,
479 1122 625 1178 commisso
644 1124 726 1177 cum¹
744 1123 835 1179 Hunis
853 1124 989 1207 proeliow
1008 1122 1122 1192 cecidit,
1148 1121 1245 1176 ulter

125 1209 225 1261 vcro,
244 1192 280 1247 id
298 1198 353 1248 est
370 1192 500 1262 Ericus1,
526 1198 588 1264 post
605 1194 719 1249 mults
741 1196 910 1265 procliui
933 1198 968 1249 et
986 1194 1150 1264 insignes
1169 1192 1244 1246 vic·

124 1263 242 1317 toriss
261 1264 354 1333 spud
372 1264 580 1320 Timauum·
596 1264 746 1320 Liburniae
762 1265 901 1321 civitatem
919 1264 1025 1319 insidiis
1043 1263 1243 1334 oppidanorum

124 1333 311 1403 interceptus'
329 1339 437 1404 stque
455 1335 616 1390 interiectus
634 1340 683 1392 est

231 1410 348 1476 Rebus
370 1412 487 1495 itaque
503 1410 677 1478 Saxonum
700 1432 764 1497 pro
786 1432 899 1477 rerum
924 1409 1163 1495 oportunitate
1180 1411 1244 1475 dis·

126 1498 246 1584 positis
268 1527 317 1565 rex
336 1510 370 1564 in
388 1509 578 1566 Francism
596 1512 784 1568 revertitur.
821 1510 866 1567 nt
882 1529 960 1566 cum
979 1510 1156 1595 Aquisgrnni
1173 1511 1245 1566 hie·

125 1585 256 1650 maret,
281 1581 365 1635 Wido
392 1598 483 1637 comes
510 1599 549 1637 sc
573 1582 766 1652 praefectus
790 1581 977 1637 Brittonici⁸
1007 1582 1156 1651 limitis,
1184 1581 1245 1665 qui

127 1651 250 1706 eodem
268 1668 361 1706 snno
386 1669 449 1707 cum
468 1653 548 1708 sociis
571 1653 717 1708 comitibus
735 1657 849 1708 totsm
866 1651 1071 1708 brittonumb
1094 1669 1244 1723 proviss-

126 1720 223 1777 cismo
246 1723 503 1792 perlustrarent,
529 1741 606 1780 mmo
624 1725 733 1792 ducum,
759 1724 806 1793 qui
824 1741 853 1779 se
871 1723 1079 1794 dedideruntd‚
1106 1723 1244 1793 inscriptis

125 1810 295 1880 singulorum
312 1811 469 1865 nominibus
487 1812 626 1869 detulit.
663 1800 858 1866 Videbatur
879 1800 981 1877 enim,
1006 1800 1099 1884 quod
1124 1828 1164 1866 es
1181 1829 1245 1882 pro·

125 1898 304 1953 rineistum
324 1903 443 1954 esset0
467 1916 509 1955 ex
526 1904 593 1955 toto
611 1899 758 1970 subacta&
787 1892 842 1954 eb⁰
871 1892 971 1967 esset,
1002 1889 1069 1952 nisi
1092 1889 1244 1973 perfidae

125 1975 484 2129 ffiffiseiimbfflm
519 1975 589 2042 cito
620 1976 657 2041 id
691 1976 854 2043 aliorsum
889 1997 983 2042 more
1019 1976 1121 2043 solito
1156 1997 1244 2042 com·

230 2164 346 2219 Alista
369 2170 433 2219 sunt
451 2170 486 2220 et
504 2166 589 2237 signu,
615 2182 704 2234 quse
728 2153 849 2219 occisis
871 2154 909 2217 in
932 2153 1099 2218 Maioricu
1124 2163 1244 2220 Msuris

126 2251 336 2320 praedonibus
362 2257 484 2322 erepte
506 2252 665 2312 fuerunt.
701 2254 746 2310 Et
770 2253 849 2309 Azan
873 2235 1126 2320 Sarracenoss,
1164 2269 1244 2322 prse-

126 2337 212 2393 icetus
224 2338 331 2408 Oscae,
351 2341 442 2396 clsves
454 2341 529 2397 urbis
545 2358 608 2397 cum
620 2342 699 2398 sliis⁵
717 2342 822 2412 donis
840 2343 920 2414 regi
935 2342 1018 2409 misit,
1037 2331 1243 2416 promittens

126 2436 202 2480 eum
237 2436 272 2482 se
307 2416 545 2495 dediturumss,
580 2419 611 2483 si
644 2419 862 2504 oportunitas
897 2419 1061 2485 eveniret.
1112 2430 1182 2485 Sed
1210 2434 1245 2484 et

126 2498 276 2554 monachus
300 2499 411 2569 quidsm
437 2500 472 2555 de
489 2499 680 2556 Hierosolims
702 2503 813 2557 veniens
831 2502 1052 2558 benedictionem
1070 2507 1099 2556 et
1116 2500 1244 2570 reliquias

126 2568 161 2625 de
181 2569 260 2625 loco
278 2570 568 2626 resurrectionis
593 2571 821 2641 Dominicse,
840 2590 923 2642 quse
941 2572 1097 2642 pstrisrchs
1114 2572 1175 2642 regi
1193 2571 1245 2626 mi·

126 2645 206 2709 serui,
224 2640 331 2697 detulit.
359 2640 403 2696 Et
421 2658 483 2697 rex
500 2642 797 2699 nstslemDominiin
816 2644 914 2700 eodem
931 2643 1034 2712 polstio
1052 2640 1240 2698 residensh

123 3786 140 3828 t)
154 3777 265 3823 dcnieism
280 3782 299 3824 t.
313 3785 333 3825 6.
347 3782 367 3825 7.
395 3731 417 3804 ·(
433 3728 711 3839 ιι)ὲήοί3;(ὴὲτ1οιθ.ῖ,
776 3785 942 3837 v)3eicidust.
1012 3789 1041 3840 w)
1054 3787 1101 3840 §iio
1116 3792 1134 3832 1.
1148 3791 1168 3833 8.
1181 3793 1201 3835 6.
1217 3794 1240 3844 ⁷3

122 3833 198 3896 prpiio·
208 3833 227 3876 2.
290 3838 314 3882 x)
328 3834 416 3875 hericus
429 3836 455 3884 83
469 3836 558 3877 erichus
572 3836 591 3880 t.
649 3840 673 3889 y)
687 3836 733 3889 piis
748 3841 766 3882 1.
780 3840 800 3883 ³.
813 3841 833 3883 t.
846 3841 872 3891 ῖς
886 3841 958 3898 ρτςΙΙι
972 3841 991 3885 t.
1046 3843 1067 3893 z)
1081 3843 1201 3885 tbtrsicsm
1215 3847 1240 3895 ὃς

122 3890 250 3926 tos-uticum
263 3887 283 3930 6.
359 3890 382 3936 ι)
395 3888 524 3929 brittannici
538 3888 559 3933 8.
572 3888 595 3939 6;
611 3891 731 3932 brittanici
744 3893 764 3934 i.
836 3893 859 3942 b)
873 3894 1000 3936 brettonum
1014 3896 1034 3937 6.
1044 3895 1069 3947 ⁸5
1085 3897 1205 3938 brittonum
1216 3920 1241 3929 -

123 3936 317 3983 decumanum.
371 3943 391 3989 c)
402 3945 470 3981 totum
480 3942 615 3982 britennitm
624 3943 646 3984 8·
696 3943 720 3995 d)
730 3942 841 3985 dederunt
849 3946 869 3989 8.
878 3946 897 3989 5.
950 3947 1092 3995 meinata.
1147 3950 1166 3999 i)
1180 3963 1240 3994 sors·

122 4000 190 4032 unus
204 3991 224 4035 t.
277 3995 301 4043 g)
315 3992 418 4033 dtturum
432 3994 452 4037 ³.
465 3994 485 4037 b.
540 3995 563 4043 b)
576 3995 599 4035 in
615 3994 694 4037 eodem
708 3998 753 4048 pul.
766 4009 809 4042 res.
822 4004 869 4039 nst.
884 4000 941 4042 doni.
956 4001 997 4043 cei
1011 4003 1032 4041 0.
1047 4002 1066 4045 i.

163 4215 169 4228 ι
229 4148 256 4215 1)
273 4150 344 4230 sinn.
360 4149 439 4205 Fuit.
460 4154 525 4208 799:
551 4167 614 4205 cum
636 4151 728 4206 Hunis
753 4154 890 4210 dimicans.
995 4159 1023 4226 2)
1050 4159 1078 4215 V.
1098 4160 1169 4215 Kar.
1191 4163 1239 4216 13:

121 4214 234 4273 suem.
246 4260 252 4272 .
264 4261 270 4273 .
280 4222 456 4287 interceptus,
466 4223 494 4274 et
504 4219 639 4276 Geroidus
647 4265 668 4278 ..
679 4264 684 4278 .
695 4223 854 4278 interiectus
863 4228 911 4281 est.
967 4230 995 4294 3)
1002 4230 1074 4284 Ann.
1084 4231 1165 4285 Fuld.
1173 4233 1238 4286 799:

122 4290 181 4340 tots
198 4287 318 4341 subacta.
399 4293 427 4356 4)
443 4290 489 4343 Ad
508 4308 604 4345 eorum
622 4291 766 4361 perfidiam
784 4295 949 4364 puniendam
970 4314 995 4353 a.
1015 4302 1076 4354 811.
1096 4305 1237 4353 erundum

121 4359 232 4410 missum
244 4374 298 4412 esso
309 4360 387 4424 infra
399 4362 529 4416 traditur.
602 4365 630 4432 5)
647 4366 718 4420 Anu.
731 4367 812 4422 ibid.
826 4369 892 4423 799:
911 4384 975 4421 cum
994 4368 1053 4422 sliis
1071 4371 1237 4426 muneribus.
