3030 4944
339 466 341 470 -
430 435 613 494 annuus
632 437 665 508 Q.
685 435 718 494 n.
736 434 940 493 umanum.
977 436 1085 494 aare.
1285 438 1320 493 ee

195 632 327 688 lentur.
366 629 528 701 Cumque¹
546 631 576 686 in
595 649 635 688 eo
653 633 730 702 loco,
756 633 803 703 qui
823 641 916 686 nunc
935 629 1095 688 lli-idedun<l
1123 631 1165 687 ab
1183 630 1319 685 incoli·

193 703 407 772 nominetur,
437 703 579 759 basilicam
607 721 624 758 a
650 704 758 758 beato
785 702 953 758 Bonifatio0
985 707 1112 772 martyre
1146 701 1319 758 dedicatam

193 790 394 847 incendere
418 792 644 848 molirentur
669 797 779 861 atque
803 792 871 847 hoc
896 791 1055 848 efficere
1081 799 1177 845 casso
1201 779 1319 844 labore

193 885 372 951 conarentur,
402 880 554 936 inmieeo
580 881 651 935 eibi
676 880 834 936 divinitae
858 897 961 952 pavore
993 868 1192 946 subitam,
1224 866 1320 951 turpi

192 957 428 1042 trepidatione
452 958 590 1023 confusi
613 959 754 1023 domum
777 969 944 1040 fugiendo
962 973 1199 1025 revertuntur.

296 2577 344 2632 At
361 2576 444 2632 τοι*
462 2565 603 2630 dimisso
620 2565 664 2630 ad
676 2562 891 2630 obsidionem
904 2567 1009 2648 atque
1024 2565 1315 2650 expugnationem

188 2648 330 2722 'Piceni‘
357 2653 626 2720 exercituorcndi
644 2665 733 2738 gratia
750 2664 871 2721 Romam
888 2663 1169 2735 proficiscitur;
1189 2669 1312 2722 etcum

188 2744 339 2880 peractis
361 2743 452 2808 votis
477 2754 562 2810 inde
580 2753 616 2808 ad
635 2754 822 2809 exercitum
840 2753 965 2808 inieeet
981 2770 1124 2808 revertur
1142 2753 1316 2827 fatigatam⁸

198 2825 570 2909 ongaobeidioneciritatem
583 2824 625 2880 ad
637 2824 806 2908 deditionem
823 2823 1030 2894 compulit⁴.
1048 2823 1152 2895 Quam
1165 2826 1315 2881 ceterae⁵

188 2897 326 2953 civitatee
350 2902 500 2953 secutae
525 2913 621 2952 ornnee
645 2913 674 2952 ee
698 2913 771 2968 regu
796 2913 835 2950 ec
852 2894 1024 2951 Francorum
1049 2896 1233 2966 potentati
1251 2898 1314 2951 eub-

187 2986 332 3055 diderunt;
351 2991 386 3042 et
403 3002 452 3040 rex
471 2986 606 3041 eubacte
623 2989 652 3049 et
670 2993 733 3059 pro
755 2976 911 3058 tempore
930 2985 1057 3039 ordinata
1074 2983 1156 3040 Italia
1174 2984 1209 3037 in
1227 2982 1313 3039 Fran·

188 3057 258 3113 ciam
286 3057 483 3125 revertitur,
514 3057 700 3127 captivum
728 3055 851 3112 ducena⁰
878 3054 1051 3111 Deciderium
1079 3072 1181 3124 regem.
1227 3053 1313 3110 Nam

186 3125 302 3200 adalgis
327 3127 399 3182 filine
424 3127 518 3196 eiua,
543 3127 572 3181 in
598 3127 679 3198 qno⁷
703 3125 963 3198 Langobardiss
984 3127 1137 3181 multum
1162 3125 1227 3196 spei
1251 3125 1313 3180 ha·

150 3220 153 3226 ’
186 3217 272 3272 bere
290 3217 462 3287 videbantur,
489 3196 700 3289 (letlpet·nt'1s¹¹
728 3205 862 3289 patriae
885 3203 989 3268 rebus
1015 3215 1150 3270 relicta
1174 3212 1255 3268 ltalia
1278 3213 1314 3268 in

186 3584 210 3638 n)
231 3534 725 3638 nuenafili“03·'t3i11⁷ne‘i5'1.e.2;
746 3587 871 3628 murima
886 3587 906 3631 a
980 3579 999 3638 n
1017 3586 1081 3627 eleni
1094 3586 1119 3637 ῦς
1144 3585 1278 3627 einnonem
1292 3586 1313 3630 e,

185 3644 210 3693 g)
218 3639 350 3691 langobardi
361 3644 385 3693 ις
400 3639 533 3693 longobardi
547 3643 567 3685 d.
580 3645 598 3684 l.
668 3642 692 3689 h)
705 3638 838 3692 diruperant·
853 3643 872 3683 1.
885 3641 905 3683 8.

294 3835 320 3900 1)
336 3836 409 3891 Anu.
422 3836 503 3891 aaut.
517 3839 584 3893 ⁷74:
604 3834 673 3890 Erat
691 3838 784 3889 autem
803 3875 811 3890 .
831 3874 837 3889 .
857 3878 863 3890 .
883 3834 1003 3902 basilica,
1022 3849 1104 3902 quam
1121 3848 1141 3888 ι.
1155 3831 1310 3897 Bonifatius

265 3905 395 3960 dedicans
409 3949 414 3960 .
430 3949 457 3963 ..
483 3905 535 3960 Cui
554 3925 617 3960 cum
635 3905 776 3977 pegeni..
796 3905 890 3975 ignem
908 3905 1063 3972 subponere
1082 3907 1309 3960 conarentur...

184 3979 214 4048 2)
239 3980 311 4033 Ana.
337 3977 418 4032 stuza.
445 3980 491 4044 (=
512 3978 598 4042 sith.)
619 3981 686 4033 773:
715 3974 811 4029 Oarlue
838 3975 934 4029 orandi
962 3974 1052 4046 gratia
1078 3973 1309 4032 Romam-vadit.

183 4051 212 4115 3)
229 4049 293 4102 Vita
310 4049 412 4102 Karoll
423 4051 454 4104 6:
479 4063 535 4101 non
553 4047 628 4117 priua
647 4046 760 4115 decutit,
779 4063 861 4114 qnam
880 4050 909 4100 et
926 4044 1107 4115 Dandonem,
1126 4063 1209 4114 quem
1228 4045 1310 4117 longa

184 4118 326 4174 obeidione
339 4119 509 4190 fatigaverat,
523 4118 551 4170 in
564 4117 731 4172 deditionem
750 4117 906 4186 susciperet.
980 4119 1008 4186 4)
1020 4119 1062 4182 Cf.
1076 4117 1156 4175 ibid:
1176 4115 1309 4186 Pippinue

184 4189 318 4257 siqnidem
337 4189 506 4244 Haietullum
520 4233 525 4244 .
541 4231 547 4244 .
560 4188 702 4243 obsidione
716 4231 722 4243 .
737 4230 743 4243 .
757 4188 880 4257 conpulit
894 4227 901 4241 .
915 4232 920 4243 .
936 4230 942 4244 .
1051 4191 1080 4256 ὁ)
1097 4189 1129 4242 V.
1142 4189 1221 4252 infra
1240 4191 1308 4247 817:

183 4276 265 4328 quern
278 4261 363 4315 ceteri
375 4261 460 4315 cecati
473 4304 479 4316 .
494 4300 500 4314 .
514 4303 520 4316 .
534 4277 563 4314 ee
575 4259 741 4315 dediderunt
754 4260 825 4326 (ll).
900 4263 926 4324 o)
940 4263 1012 4314 Anac.
1026 4260 1106 4314 fuld.
1121 4261 1187 4314 774:
1207 4257 1308 4311 ducena

183 4346 276 4384 eccum
295 4331 475 4387 Desiderium.
580 4335 607 4398 7)
628 4331 692 4385 Vita
710 4331 813 4384 Karoia·
829 4333 859 4388 6:
886 4328 1059 4400 Adalgieum,
1085 4329 1114 4383 in
1140 4346 1221 4396 quem
1246 4344 1308 4397 epea

183 4401 306 4458 omnium
326 4403 472 4458 inclinatae
491 4401 664 4469 videbantur,
684 4445 690 4458 .
711 4444 717 4456 .
739 4443 744 4458 .
763 4400 845 4454 Itelin
864 4400 997 4455 excedere
1016 4400 1190 4469 conpelleret.
