<?xml version="1.0" encoding="UTF-8"?>
<!DOCTYPE html PUBLIC "-//W3C//DTD XHTML 1.0 Transitional//EN"
    "http://www.w3.org/TR/xhtml1/DTD/xhtml1-transitional.dtd">
<html xmlns="http://www.w3.org/1999/xhtml" xml:lang="en" lang="en">
 <head>
  <title>
</title>
<meta http-equiv="Content-Type" content="text/html;charset=utf-8" />
  <meta name='ocr-system' content='tesseract 3.04.00' />
  <meta name='ocr-capabilities' content='ocr_page ocr_carea ocr_par ocr_line ocrx_word'/>
</head>
<body>
  <div class='ocr_page' id='page_1' title='image "./annalesregnifra00pertgoog_0130.png"; bbox 0 0 3030 4944; ppageno 0'>
   <div class='ocr_carea' id='block_1_1' title="bbox 297 439 1188 510">
    <p class='ocr_par' dir='ltr' id='par_1_1' title="bbox 297 439 1188 510">
     <span class='ocr_line' id='line_1_1' title="bbox 297 439 1188 510; baseline -0.003 -12"><span class='ocrx_word' id='word_1_1' title='bbox 297 439 478 498; x_wconf 76' lang='lat' dir='ltr'>ANNAIAES</span> <span class='ocrx_word' id='word_1_2' title='bbox 498 440 531 510; x_wconf 79' lang='lat' dir='ltr'>Q.</span> <span class='ocrx_word' id='word_1_3' title='bbox 548 440 583 497; x_wconf 92' lang='lat' dir='ltr'>D.</span> <span class='ocrx_word' id='word_1_4' title='bbox 602 439 804 497; x_wconf 78' lang='lat' dir='ltr'>nlnnsenl.</span> <span class='ocrx_word' id='word_1_5' title='bbox 840 439 877 496; x_wconf 82' lang='grc' dir='ltr'>Δ.</span> <span class='ocrx_word' id='word_1_6' title='bbox 888 442 949 498; x_wconf 78' lang='grc'><strong>798.</strong></span> <span class='ocrx_word' id='word_1_7' title='bbox 1135 441 1188 496; x_wconf 82' lang='grc'>105</span> 
     </span>
    </p>
   </div>
   <div class='ocr_carea' id='block_1_2' title="bbox 65 621 1201 1505">
    <p class='ocr_par' dir='ltr' id='par_1_2' title="bbox 65 621 1201 1505">
     <span class='ocr_line' id='line_1_2' title="bbox 67 621 1187 711; baseline -0.006 -19"><span class='ocrx_word' id='word_1_8' title='bbox 67 636 166 711; x_wconf 68' lang='lat' dir='ltr'>ignit</span> <span class='ocrx_word' id='word_1_9' title='bbox 187 637 339 694; x_wconf 80' lang='lat' dir='ltr'>vastarit.</span> <span class='ocrx_word' id='word_1_10' title='bbox 376 631 760 692; x_wconf 66' lang='lat' dir='ltr'>Transalbianil·¹autem</span> <span class='ocrx_word' id='word_1_11' title='bbox 791 622 954 708; x_wconf 79' lang='lat' dir='ltr'>superbio</span> <span class='ocrx_word' id='word_1_12' title='bbox 985 621 1109 699; x_wconf 76' lang='lat' dir='ltr'>elati²,</span> <span class='ocrx_word' id='word_1_13' title='bbox 1147 640 1187 686; x_wconf 93' lang='lat' dir='ltr'>eo</span> 
     </span>
     <span class='ocr_line' id='line_1_3' title="bbox 65 710 1187 799; baseline -0.004 -21"><span class='ocrx_word' id='word_1_14' title='bbox 65 714 158 799; x_wconf 86' lang='lat' dir='ltr'>quod</span> <span class='ocrx_word' id='word_1_15' title='bbox 181 716 300 798; x_wconf 79' lang='lat' dir='ltr'>regism</span> <span class='ocrx_word' id='word_1_16' title='bbox 324 714 457 798; x_wconf 84' lang='lat' dir='ltr'>legatos</span> <span class='ocrx_word' id='word_1_17' title='bbox 480 714 611 799; x_wconf 90' lang='lat' dir='ltr'>inpune</span> <span class='ocrx_word' id='word_1_18' title='bbox 635 713 791 778; x_wconf 85' lang='lat' dir='ltr'>occidere</span> <span class='ocrx_word' id='word_1_19' title='bbox 815 713 1014 796; x_wconf 85' lang='lat' dir='ltr'>potuerunt,</span> <span class='ocrx_word' id='word_1_20' title='bbox 1040 710 1187 794; x_wconf 75' lang='lat' dir='ltr'>arreptis</span> 
     </span>
     <span class='ocr_line' id='line_1_4' title="bbox 66 798 1188 884; baseline -0.006 -16"><span class='ocrx_word' id='word_1_21' title='bbox 66 804 169 868; x_wconf 77' lang='lat' dir='ltr'>ermis</span> <span class='ocrx_word' id='word_1_22' title='bbox 199 820 295 870; x_wconf 89' lang='lat' dir='ltr'>contra</span> <span class='ocrx_word' id='word_1_23' title='bbox 321 814 513 869; x_wconf 80' lang='lat' dir='ltr'>Abodritosn</span> <span class='ocrx_word' id='word_1_24' title='bbox 545 813 849 884; x_wconf 81' lang='lat' dir='ltr'>proficiscuntur.</span> <span class='ocrx_word' id='word_1_25' title='bbox 903 799 994 864; x_wconf 78' lang='lat' dir='ltr'>Nem</span> <span class='ocrx_word' id='word_1_26' title='bbox 1024 798 1188 864; x_wconf 83' lang='lat' dir='ltr'>Abodriti</span> 
     </span>
     <span class='ocr_line' id='line_1_5' title="bbox 66 886 1187 976; baseline -0.004 -20"><span class='ocrx_word' id='word_1_27' title='bbox 66 890 269 956; x_wconf 85' lang='lat' dir='ltr'>auxiliares⁰</span> <span class='ocrx_word' id='word_1_28' title='bbox 291 891 501 956; x_wconf 80' lang='lat' dir='ltr'>Francorum</span> <span class='ocrx_word' id='word_1_29' title='bbox 522 911 657 976; x_wconf 83' lang='lat' dir='ltr'>semper</span> <span class='ocrx_word' id='word_1_30' title='bbox 677 891 833 965; x_wconf 88' lang='lat' dir='ltr'>fuerunt,</span> <span class='ocrx_word' id='word_1_31' title='bbox 857 908 899 954; x_wconf 90' lang='lat' dir='ltr'>ex</span> <span class='ocrx_word' id='word_1_32' title='bbox 922 908 990 972; x_wconf 92' lang='lat' dir='ltr'>quo</span> <span class='ocrx_word' id='word_1_33' title='bbox 1013 886 1120 953; x_wconf 86' lang='lat' dir='ltr'>semel</span> <span class='ocrx_word' id='word_1_34' title='bbox 1144 886 1187 951; x_wconf 82' lang='lat' dir='ltr'>ab</span> 
     </span>
     <span class='ocr_line' id='line_1_6' title="bbox 66 980 1184 1065; baseline -0.006 -19"><span class='ocrx_word' id='word_1_35' title='bbox 66 980 115 1046; x_wconf 90' lang='lat' dir='ltr'>eis</span> <span class='ocrx_word' id='word_1_36' title='bbox 149 980 186 1043; x_wconf 93' lang='lat' dir='ltr'>in</span> <span class='ocrx_word' id='word_1_37' title='bbox 220 980 421 1046; x_wconf 87' lang='lat' dir='ltr'>societatem</span> <span class='ocrx_word' id='word_1_38' title='bbox 456 980 609 1065; x_wconf 83' lang='lat' dir='ltr'>recepti⁸</span> <span class='ocrx_word' id='word_1_39' title='bbox 641 981 733 1043; x_wconf 90' lang='lat' dir='ltr'>sunt.</span> <span class='ocrx_word' id='word_1_40' title='bbox 793 988 931 1060; x_wconf 81' lang='lat' dir='ltr'>Quorum</span> <span class='ocrx_word' id='word_1_41' title='bbox 954 988 1016 1042; x_wconf 85' lang='lat' dir='ltr'>dux</span> <span class='ocrx_word' id='word_1_42' title='bbox 1035 987 1184 1042; x_wconf 73' lang='lat' dir='ltr'>Thi-arcos</span> 
     </span>
     <span class='ocr_line' id='line_1_7' title="bbox 67 1065 1188 1153; baseline -0.005 -20"><span class='ocrx_word' id='word_1_43' title='bbox 67 1069 207 1153; x_wconf 80' lang='lat' dir='ltr'>cognito</span> <span class='ocrx_word' id='word_1_44' title='bbox 230 1068 556 1134; x_wconf 74' lang='lat' dir='ltr'>lbansalbianorum</span> <span class='ocrx_word' id='word_1_45' title='bbox 586 1071 684 1132; x_wconf 88' lang='lat' dir='ltr'>motu</span> <span class='ocrx_word' id='word_1_46' title='bbox 714 1067 763 1132; x_wconf 90' lang='lat' dir='ltr'>eis</span> <span class='ocrx_word' id='word_1_47' title='bbox 795 1087 873 1130; x_wconf 88' lang='lat' dir='ltr'>curn</span> <span class='ocrx_word' id='word_1_48' title='bbox 896 1065 1056 1131; x_wconf 91' lang='lat' dir='ltr'>omnibus</span> <span class='ocrx_word' id='word_1_49' title='bbox 1081 1065 1188 1149; x_wconf 91' lang='lat' dir='ltr'>copiis</span> 
     </span>
     <span class='ocr_line' id='line_1_8' title="bbox 66 1153 1189 1242; baseline -0.004 -20"><span class='ocrx_word' id='word_1_50' title='bbox 66 1157 137 1222; x_wconf 89' lang='lat' dir='ltr'>suis</span> <span class='ocrx_word' id='word_1_51' title='bbox 166 1157 203 1221; x_wconf 92' lang='lat' dir='ltr'>in</span> <span class='ocrx_word' id='word_1_52' title='bbox 233 1156 326 1234; x_wconf 87' lang='lat' dir='ltr'>loco,</span> <span class='ocrx_word' id='word_1_53' title='bbox 358 1158 417 1242; x_wconf 89' lang='lat' dir='ltr'>qui</span> <span class='ocrx_word' id='word_1_54' title='bbox 440 1153 639 1223; x_wconf 81' lang='lat' dir='ltr'>Suentana⁴</span> <span class='ocrx_word' id='word_1_55' title='bbox 662 1159 819 1233; x_wconf 84' lang='lat' dir='ltr'>vocatur,</span> <span class='ocrx_word' id='word_1_56' title='bbox 851 1154 1003 1221; x_wconf 87' lang='lat' dir='ltr'>occurrit</span> <span class='ocrx_word' id='word_1_57' title='bbox 1030 1165 1189 1220; x_wconf 80' lang='lat' dir='ltr'>commisso·</span> 
     </span>
     <span class='ocr_line' id='line_1_9' title="bbox 66 1243 1189 1328; baseline -0.006 -16"><span class='ocrx_word' id='word_1_58' title='bbox 66 1274 131 1327; x_wconf 91' lang='lat' dir='ltr'>que</span> <span class='ocrx_word' id='word_1_59' title='bbox 148 1257 274 1326; x_wconf 80' lang='lat' dir='ltr'>proelios</span> <span class='ocrx_word' id='word_1_60' title='bbox 295 1257 442 1328; x_wconf 77' lang='lat' dir='ltr'>ingenti</span> <span class='ocrx_word' id='word_1_61' title='bbox 460 1274 521 1312; x_wconf 90' lang='lat' dir='ltr'>eos</span> <span class='ocrx_word' id='word_1_62' title='bbox 540 1256 671 1312; x_wconf 82' lang='lat' dir='ltr'>caeder</span> <span class='ocrx_word' id='word_1_63' title='bbox 693 1255 891 1326; x_wconf 87' lang='lat' dir='ltr'>prostravit.</span> <span class='ocrx_word' id='word_1_64' title='bbox 922 1253 1009 1310; x_wconf 83' lang='lat' dir='ltr'>Nam</span> <span class='ocrx_word' id='word_1_65' title='bbox 1024 1243 1059 1307; x_wconf 87' lang='lat' dir='ltr'>in</span> <span class='ocrx_word' id='word_1_66' title='bbox 1077 1243 1189 1327; x_wconf 77' lang='lat' dir='ltr'>prima</span> 
     </span>
     <span class='ocr_line' id='line_1_10' title="bbox 66 1331 1201 1419; baseline -0.004 -20"><span class='ocrx_word' id='word_1_67' title='bbox 66 1334 306 1419; x_wconf 71' lang='lat' dir='ltr'>congressione</span> <span class='ocrx_word' id='word_1_68' title='bbox 324 1351 455 1416; x_wconf 88' lang='lat' dir='ltr'>quattuor</span> <span class='ocrx_word' id='word_1_69' title='bbox 471 1346 549 1400; x_wconf 91' lang='lat' dir='ltr'>milia</span> <span class='ocrx_word' id='word_1_70' title='bbox 568 1362 689 1400; x_wconf 87' lang='lat' dir='ltr'>eorum</span> <span class='ocrx_word' id='word_1_71' title='bbox 708 1343 890 1400; x_wconf 88' lang='lat' dir='ltr'>cecidisse</span> <span class='ocrx_word' id='word_1_72' title='bbox 909 1331 1064 1397; x_wconf 74' lang='lat' dir='ltr'>narravit</span> <span class='ocrx_word' id='word_1_73' title='bbox 1078 1344 1201 1412; x_wconf 80' lang='lat' dir='ltr'>legatus·</span> 
     </span>
     <span class='ocr_line' id='line_1_11' title="bbox 66 1419 1189 1505; baseline -0.006 -16"><span class='ocrx_word' id='word_1_74' title='bbox 66 1433 165 1505; x_wconf 76' lang='lat' dir='ltr'>regis</span> <span class='ocrx_word' id='word_1_75' title='bbox 189 1433 290 1489; x_wconf 83' lang='lat' dir='ltr'>Eburis</span> <span class='ocrx_word' id='word_1_76' title='bbox 315 1435 476 1504; x_wconf 88' lang='lat' dir='ltr'>nornine,</span> <span class='ocrx_word' id='word_1_77' title='bbox 498 1435 561 1504; x_wconf 69' lang='lat' dir='ltr'>‘qui</span> <span class='ocrx_word' id='word_1_78' title='bbox 586 1435 621 1489; x_wconf 87' lang='lat' dir='ltr'>in</span> <span class='ocrx_word' id='word_1_79' title='bbox 647 1433 771 1489; x_wconf 88' lang='lat' dir='ltr'>eodem</span> <span class='ocrx_word' id='word_1_80' title='bbox 797 1433 962 1502; x_wconf 74' lang='lat' dir='ltr'>proelio·</span> <span class='ocrx_word' id='word_1_81' title='bbox 993 1431 1067 1486; x_wconf 82' lang='lat' dir='ltr'>init</span> <span class='ocrx_word' id='word_1_82' title='bbox 1094 1419 1189 1485; x_wconf 85' lang='lat' dir='ltr'>etin</span> 
     </span>
    </p>
   </div>
   <div class='ocr_carea' id='block_1_3' title="bbox 66 1509 1190 1878">
    <p class='ocr_par' dir='ltr' id='par_1_3' title="bbox 66 1509 1190 1720">
     <span class='ocr_line' id='line_1_12' title="bbox 66 1509 1190 1590; baseline -0.003 -15"><span class='ocrx_word' id='word_1_83' title='bbox 66 1510 316 1576; x_wconf 82' lang='lat' dir='ltr'>Abodritorum</span> <span class='ocrx_word' id='word_1_84' title='bbox 344 1512 417 1578; x_wconf 83' lang='lat' dir='ltr'>scie</span> <span class='ocrx_word' id='word_1_85' title='bbox 448 1513 607 1577; x_wconf 85' lang='lat' dir='ltr'>dextrum</span> <span class='ocrx_word' id='word_1_86' title='bbox 638 1531 745 1577; x_wconf 89' lang='lat' dir='ltr'>cornu</span> <span class='ocrx_word' id='word_1_87' title='bbox 772 1510 888 1575; x_wconf 89' lang='lat' dir='ltr'>tenuit</span> <span class='ocrx_word' id='word_1_88' title='bbox 898 1509 920 1572; x_wconf 85' lang='lat'>⁵.</span> <span class='ocrx_word' id='word_1_89' title='bbox 961 1519 1048 1574; x_wconf 79' lang='lat' dir='ltr'>nusi</span> <span class='ocrx_word' id='word_1_90' title='bbox 1071 1519 1190 1590; x_wconf 82' lang='lat' dir='ltr'>igitur</span> 
     </span>
     <span class='ocr_line' id='line_1_13' title="bbox 67 1590 1188 1676; baseline -0.003 -30"><span class='ocrx_word' id='word_1_91' title='bbox 67 1593 309 1676; x_wconf 74' lang='lat' dir='ltr'>fugatique&#39;et</span> <span class='ocrx_word' id='word_1_92' title='bbox 334 1594 461 1649; x_wconf 92' lang='lat' dir='ltr'>multis</span> <span class='ocrx_word' id='word_1_93' title='bbox 487 1612 632 1649; x_wconf 88' lang='lat' dir='ltr'>suorum</span> <span class='ocrx_word' id='word_1_94' title='bbox 656 1590 820 1647; x_wconf 75' lang='lat' dir='ltr'>amissis⁶</span> <span class='ocrx_word' id='word_1_95' title='bbox 845 1609 922 1647; x_wconf 85' lang='lat' dir='ltr'>curn</span> <span class='ocrx_word' id='word_1_96' title='bbox 944 1608 1072 1661; x_wconf 83' lang='lat' dir='ltr'>magns</span> <span class='ocrx_word' id='word_1_97' title='bbox 1091 1590 1188 1644; x_wconf 91' lang='lat' dir='ltr'>cala·</span> 
     </span>
     <span class='ocr_line' id='line_1_14' title="bbox 67 1664 705 1720; baseline 0.003 -2"><span class='ocrx_word' id='word_1_98' title='bbox 67 1669 196 1719; x_wconf 81' lang='lat' dir='ltr'>mitate</span> <span class='ocrx_word' id='word_1_99' title='bbox 215 1664 257 1718; x_wconf 89' lang='lat' dir='ltr'>ad</span> <span class='ocrx_word' id='word_1_100' title='bbox 275 1666 356 1720; x_wconf 88' lang='lat' dir='ltr'>loca</span> <span class='ocrx_word' id='word_1_101' title='bbox 374 1683 436 1719; x_wconf 88' lang='lat' dir='ltr'>sua</span> <span class='ocrx_word' id='word_1_102' title='bbox 453 1665 595 1720; x_wconf 78' lang='lat' dir='ltr'>reversi</span> <span class='ocrx_word' id='word_1_103' title='bbox 614 1669 705 1720; x_wconf 88' lang='lat' dir='ltr'>sunt.</span> 
     </span>
    </p>

    <p class='ocr_par' dir='ltr' id='par_1_4' title="bbox 66 1731 1190 1878">
     <span class='ocr_line' id='line_1_15' title="bbox 173 1731 1188 1807; baseline -0.005 -17"><span class='ocrx_word' id='word_1_104' title='bbox 173 1736 220 1790; x_wconf 84' lang='lat' dir='ltr'>At</span> <span class='ocrx_word' id='word_1_105' title='bbox 237 1752 287 1789; x_wconf 82' lang='lat' dir='ltr'>rex</span> <span class='ocrx_word' id='word_1_106' title='bbox 300 1735 328 1788; x_wconf 93' lang='lat' dir='ltr'>in</span> <span class='ocrx_word' id='word_1_107' title='bbox 341 1734 485 1790; x_wconf 67' lang='lat' dir='ltr'>naseins</span> <span class='ocrx_word' id='word_1_108' title='bbox 504 1737 706 1807; x_wconf 69' lang='lat' dir='ltr'>regressusl,</span> <span class='ocrx_word' id='word_1_109' title='bbox 725 1751 802 1788; x_wconf 90' lang='lat' dir='ltr'>cum</span> <span class='ocrx_word' id='word_1_110' title='bbox 814 1733 1008 1804; x_wconf 80' lang='lat' dir='ltr'>Aquasgraniu</span> <span class='ocrx_word' id='word_1_111' title='bbox 1025 1731 1188 1797; x_wconf 83' lang='lat' dir='ltr'>venisset,</span> 
     </span>
     <span class='ocr_line' id='line_1_16' title="bbox 66 1802 1190 1878; baseline -0.004 -19"><span class='ocrx_word' id='word_1_112' title='bbox 66 1805 182 1875; x_wconf 89' lang='lat' dir='ltr'>primo</span> <span class='ocrx_word' id='word_1_113' title='bbox 207 1807 326 1878; x_wconf 78' lang='lat' dir='ltr'>legatos</span> <span class='ocrx_word' id='word_1_114' title='bbox 350 1805 500 1861; x_wconf 80' lang='lat' dir='ltr'>Herenaev</span> <span class='ocrx_word' id='word_1_115' title='bbox 529 1805 709 1876; x_wconf 77' lang='lat' dir='ltr'>imperatricis</span> <span class='ocrx_word' id='word_1_116' title='bbox 735 1805 776 1859; x_wconf 87' lang='lat' dir='ltr'>ad</span> <span class='ocrx_word' id='word_1_117' title='bbox 802 1821 837 1859; x_wconf 85' lang='lat' dir='ltr'>se</span> <span class='ocrx_word' id='word_1_118' title='bbox 862 1804 932 1858; x_wconf 74' lang='lat' dir='ltr'>deu</span> <span class='ocrx_word' id='word_1_119' title='bbox 951 1802 1190 1871; x_wconf 82' lang='lat' dir='ltr'>Constantinopoli</span> 
     </span>
    </p>
   </div>
   <div class='ocr_carea' id='block_1_4' title="bbox 66 1885 1189 2052">
    <p class='ocr_par' dir='ltr' id='par_1_5' title="bbox 66 1885 1189 2052">
     <span class='ocr_line' id='line_1_17' title="bbox 66 1885 1188 1965; baseline -0.005 -17"><span class='ocrx_word' id='word_1_120' title='bbox 66 1893 176 1949; x_wconf 88' lang='lat' dir='ltr'>missos</span> <span class='ocrx_word' id='word_1_121' title='bbox 194 1894 354 1958; x_wconf 85' lang='lat' dir='ltr'>audivit,</span> <span class='ocrx_word' id='word_1_122' title='bbox 377 1927 407 1936; x_wconf 94' lang='lat'>—</span> <span class='ocrx_word' id='word_1_123' title='bbox 427 1913 491 1949; x_wconf 86' lang='lat' dir='ltr'>narn</span> <span class='ocrx_word' id='word_1_124' title='bbox 510 1894 703 1950; x_wconf 74' lang='lat' dir='ltr'>Constantinus</span> <span class='ocrx_word' id='word_1_125' title='bbox 721 1893 793 1948; x_wconf 87' lang='lat' dir='ltr'>filius</span> <span class='ocrx_word' id='word_1_126' title='bbox 813 1893 871 1947; x_wconf 89' lang='lat' dir='ltr'>eius</span> <span class='ocrx_word' id='word_1_127' title='bbox 889 1885 1032 1965; x_wconf 85' lang='lat' dir='ltr'>propter</span> <span class='ocrx_word' id='word_1_128' title='bbox 1055 1899 1188 1943; x_wconf 86' lang='lat' dir='ltr'>morum</span> 
     </span>
     <span class='ocr_line' id='line_1_18' title="bbox 67 1967 1189 2052; baseline -0.004 -18"><span class='ocrx_word' id='word_1_129' title='bbox 67 1970 288 2035; x_wconf 75' lang='lat' dir='ltr'>insolentiam</span> <span class='ocrx_word' id='word_1_130' title='bbox 312 2001 327 2036; x_wconf 88' lang='lat' dir='ltr'>a</span> <span class='ocrx_word' id='word_1_131' title='bbox 353 1983 409 2037; x_wconf 89' lang='lat' dir='ltr'>suis</span> <span class='ocrx_word' id='word_1_132' title='bbox 434 1983 646 2052; x_wconf 85' lang='lat' dir='ltr'>comprehensus</span> <span class='ocrx_word' id='word_1_133' title='bbox 672 1986 700 2036; x_wconf 88' lang='lat' dir='ltr'>et</span> <span class='ocrx_word' id='word_1_134' title='bbox 725 1984 907 2037; x_wconf 72' lang='lat' dir='ltr'>excaecatusx</span> <span class='ocrx_word' id='word_1_135' title='bbox 930 1984 983 2049; x_wconf 88' lang='lat' dir='ltr'>est,</span> <span class='ocrx_word' id='word_1_136' title='bbox 1005 2011 1037 2021; x_wconf 91' lang='lat'>-</span> <span class='ocrx_word' id='word_1_137' title='bbox 1064 1967 1189 2051; x_wconf 85' lang='lat' dir='ltr'>quibus</span> 
     </span>
    </p>
   </div>
   <div class='ocr_carea' id='block_1_5' title="bbox 66 2059 1190 2211">
    <p class='ocr_par' dir='ltr' id='par_1_6' title="bbox 66 2059 1190 2211">
     <span class='ocr_line' id='line_1_19' title="bbox 66 2059 1190 2143; baseline -0.003 -19"><span class='ocrx_word' id='word_1_138' title='bbox 66 2059 266 2143; x_wconf 83' lang='lat' dir='ltr'>petentibus</span> <span class='ocrx_word' id='word_1_139' title='bbox 282 2069 454 2125; x_wconf 80' lang='lat' dir='ltr'>sisinniumr</span> <span class='ocrx_word' id='word_1_140' title='bbox 475 2071 588 2126; x_wconf 77' lang='lat' dir='ltr'>tratrem</span> <span class='ocrx_word' id='word_1_141' title='bbox 607 2069 733 2125; x_wconf 74' lang='lat' dir='ltr'>Tarasii¹</span> <span class='ocrx_word' id='word_1_142' title='bbox 754 2069 1050 2139; x_wconf 84' lang='lat' dir='ltr'>Constantinopolitani</span> <span class='ocrx_word' id='word_1_143' title='bbox 1069 2067 1190 2138; x_wconf 81' lang='lat' dir='ltr'>episcopi</span> 
     </span>
     <span class='ocr_line' id='line_1_20' title="bbox 68 2139 1190 2211; baseline -0.004 -15"><span class='ocrx_word' id='word_1_144' title='bbox 68 2142 439 2211; x_wconf 83' lang='lat' dir='ltr'>oliminproeliocaptum</span> <span class='ocrx_word' id='word_1_145' title='bbox 458 2143 599 2197; x_wconf 86' lang='lat' dir='ltr'>domurn</span> <span class='ocrx_word' id='word_1_146' title='bbox 618 2141 741 2196; x_wconf 88' lang='lat' dir='ltr'>redire</span> <span class='ocrx_word' id='word_1_147' title='bbox 760 2140 939 2211; x_wconf 82' lang='lat' dir='ltr'>permisit</span> <span class='ocrx_word' id='word_1_148' title='bbox 967 2140 1068 2210; x_wconf 78' lang='lat' dir='ltr'>Legati</span> <span class='ocrx_word' id='word_1_149' title='bbox 1086 2139 1190 2194; x_wconf 87' lang='lat' dir='ltr'>suere</span> 
     </span>
    </p>
   </div>
   <div class='ocr_carea' id='block_1_6' title="bbox 67 2213 1191 2305">
    <p class='ocr_par' dir='ltr' id='par_1_7' title="bbox 67 2213 1191 2305">
     <span class='ocr_line' id='line_1_21' title="bbox 67 2213 1191 2305; baseline -0.004 -20"><span class='ocrx_word' id='word_1_150' title='bbox 67 2228 228 2285; x_wconf 80' lang='lat' dir='ltr'>Michahel⁸</span> <span class='ocrx_word' id='word_1_151' title='bbox 259 2223 488 2303; x_wconf 77' lang='lat' dir='ltr'>cognomento</span> <span class='ocrx_word' id='word_1_152' title='bbox 513 2213 746 2305; x_wconf 66' lang='lat' dir='ltr'>Gangliunosb</span> <span class='ocrx_word' id='word_1_153' title='bbox 775 2234 803 2284; x_wconf 88' lang='lat' dir='ltr'>et</span> <span class='ocrx_word' id='word_1_154' title='bbox 828 2228 1017 2298; x_wconf 72' lang='lat' dir='ltr'>Theophilum</span> <span class='ocrx_word' id='word_1_155' title='bbox 1047 2229 1191 2298; x_wconf 78' lang='lat' dir='ltr'>presbyter</span> 
     </span>
    </p>
   </div>
   <div class='ocr_carea' id='block_1_7' title="bbox 68 2303 402 2373">
    <p class='ocr_par' dir='ltr' id='par_1_8' title="bbox 68 2303 402 2373">
     <span class='ocr_line' id='line_1_22' title="bbox 68 2303 402 2373; baseline -0.009 0"><span class='ocrx_word' id='word_1_156' title='bbox 68 2307 111 2373; x_wconf 89' lang='lat' dir='ltr'>de</span> <span class='ocrx_word' id='word_1_157' title='bbox 135 2303 402 2372; x_wconf 57' lang='lat' dir='ltr'>Blacherniw.</span> 
     </span>
    </p>
   </div>
   <div class='ocr_carea' id='block_1_8' title="bbox 68 2387 1191 2673">
    <p class='ocr_par' dir='ltr' id='par_1_9' title="bbox 68 2387 1191 2673">
     <span class='ocr_line' id='line_1_23' title="bbox 174 2387 1190 2458; baseline -0.001 -15"><span class='ocrx_word' id='word_1_158' title='bbox 174 2389 263 2444; x_wconf 90' lang='lat' dir='ltr'>Post</span> <span class='ocrx_word' id='word_1_159' title='bbox 281 2406 424 2458; x_wconf 82' lang='lat' dir='ltr'>quorum</span> <span class='ocrx_word' id='word_1_160' title='bbox 442 2390 690 2444; x_wconf 73' lang='lat' dir='ltr'>absolutionem</span> <span class='ocrx_word' id='word_1_161' title='bbox 714 2394 897 2445; x_wconf 74' lang='lat' dir='ltr'>uenerunt</span> <span class='ocrx_word' id='word_1_162' title='bbox 914 2387 956 2442; x_wconf 88' lang='lat' dir='ltr'>de</span> <span class='ocrx_word' id='word_1_163' title='bbox 974 2387 1129 2457; x_wconf 72' lang='lat' dir='ltr'>Hispania⁰</span> <span class='ocrx_word' id='word_1_164' title='bbox 1152 2388 1190 2442; x_wconf 83' lang='lat' dir='ltr'>le·</span> 
     </span>
     <span class='ocr_line' id='line_1_24' title="bbox 68 2458 1190 2531; baseline -0.002 -18"><span class='ocrx_word' id='word_1_165' title='bbox 68 2459 133 2531; x_wconf 76' lang='lat' dir='ltr'>gati</span> <span class='ocrx_word' id='word_1_166' title='bbox 150 2459 310 2514; x_wconf 81' lang='lat' dir='ltr'>Hadet&#39;onsi</span> <span class='ocrx_word' id='word_1_167' title='bbox 328 2460 435 2531; x_wconf 81' lang='lat' dir='ltr'>regis,</span> <span class='ocrx_word' id='word_1_168' title='bbox 454 2460 608 2515; x_wconf 77' lang='lat' dir='ltr'>Basiliscus</span> <span class='ocrx_word' id='word_1_169' title='bbox 627 2466 655 2516; x_wconf 88' lang='lat' dir='ltr'>et</span> <span class='ocrx_word' id='word_1_170' title='bbox 672 2459 764 2528; x_wconf 79' lang='lat' dir='ltr'>Froia,</span> <span class='ocrx_word' id='word_1_171' title='bbox 789 2477 937 2515; x_wconf 81' lang='lat' dir='ltr'>munera</span> <span class='ocrx_word' id='word_1_172' title='bbox 960 2458 1190 2526; x_wconf 84' lang='lat' dir='ltr'>deserentes,</span> 
     </span>
     <span class='ocr_line' id='line_1_25' title="bbox 69 2528 1191 2615; baseline -0.004 -30"><span class='ocrx_word' id='word_1_173' title='bbox 69 2548 158 2600; x_wconf 86' lang='lat' dir='ltr'>quas</span> <span class='ocrx_word' id='word_1_174' title='bbox 175 2530 243 2586; x_wconf 90' lang='lat' dir='ltr'>ills</span> <span class='ocrx_word' id='word_1_175' title='bbox 261 2531 303 2586; x_wconf 90' lang='lat' dir='ltr'>de</span> <span class='ocrx_word' id='word_1_176' title='bbox 321 2528 563 2601; x_wconf 77' lang='lat' dir='ltr'>manubiiss·⁸,</span> <span class='ocrx_word' id='word_1_177' title='bbox 583 2549 669 2601; x_wconf 81' lang='lat' dir='ltr'>quas</span> <span class='ocrx_word' id='word_1_178' title='bbox 687 2532 776 2586; x_wconf 86' lang='lat' dir='ltr'>victor</span> <span class='ocrx_word' id='word_1_179' title='bbox 794 2530 887 2615; x_wconf 88' lang='lat' dir='ltr'>apud</span> <span class='ocrx_word' id='word_1_180' title='bbox 906 2529 1105 2599; x_wconf 78' lang='lat' dir='ltr'>Olisiponams</span> <span class='ocrx_word' id='word_1_181' title='bbox 1125 2528 1191 2583; x_wconf 82' lang='lat' dir='ltr'>ciri·</span> 
     </span>
     <span class='ocr_line' id='line_1_26' title="bbox 69 2598 1190 2673; baseline -0.003 -17"><span class='ocrx_word' id='word_1_182' title='bbox 69 2605 161 2657; x_wconf 89' lang='lat' dir='ltr'>tatem</span> <span class='ocrx_word' id='word_1_183' title='bbox 192 2620 209 2656; x_wconf 92' lang='lat' dir='ltr'>a</span> <span class='ocrx_word' id='word_1_184' title='bbox 239 2619 275 2657; x_wconf 89' lang='lat' dir='ltr'>se</span> <span class='ocrx_word' id='word_1_185' title='bbox 305 2608 538 2673; x_wconf 78' lang='lat' dir='ltr'>expugnatam</span> <span class='ocrx_word' id='word_1_186' title='bbox 569 2607 735 2673; x_wconf 83' lang='lat' dir='ltr'>ceperat,</span> <span class='ocrx_word' id='word_1_187' title='bbox 765 2619 824 2673; x_wconf 78' lang='lat' dir='ltr'>regi</span> <span class='ocrx_word' id='word_1_188' title='bbox 854 2602 998 2655; x_wconf 88' lang='lat' dir='ltr'>mittere</span> <span class='ocrx_word' id='word_1_189' title='bbox 1030 2598 1190 2668; x_wconf 83' lang='lat' dir='ltr'>curavit,</span> 
     </span>
    </p>
   </div>
   <div class='ocr_carea' id='block_1_9' title="bbox 68 2679 1234 3118">
    <p class='ocr_par' dir='ltr' id='par_1_10' title="bbox 68 2679 1191 3010">
     <span class='ocr_line' id='line_1_27' title="bbox 68 2679 1191 2767; baseline -0.003 -23"><span class='ocrx_word' id='word_1_190' title='bbox 68 2689 182 2744; x_wconf 85' lang='lat' dir='ltr'>Mauros</span> <span class='ocrx_word' id='word_1_191' title='bbox 209 2690 391 2745; x_wconf 90' lang='lat' dir='ltr'>videlicet</span> <span class='ocrx_word' id='word_1_192' title='bbox 413 2683 545 2765; x_wconf 83' lang='lat' dir='ltr'>septem</span> <span class='ocrx_word' id='word_1_193' title='bbox 570 2709 646 2767; x_wconf 75' lang='lat' dir='ltr'>qum</span> <span class='ocrx_word' id='word_1_194' title='bbox 664 2679 812 2744; x_wconf 87' lang='lat' dir='ltr'>totidem</span> <span class='ocrx_word' id='word_1_195' title='bbox 832 2690 925 2744; x_wconf 90' lang='lat' dir='ltr'>mulis</span> <span class='ocrx_word' id='word_1_196' title='bbox 943 2693 1052 2758; x_wconf 80' lang='lat' dir='ltr'>atque</span> <span class='ocrx_word' id='word_1_197' title='bbox 1070 2687 1191 2756; x_wconf 82' lang='lat' dir='ltr'>loricis,</span> 
     </span>
     <span class='ocr_line' id='line_1_28' title="bbox 69 2766 1191 2853; baseline -0.004 -20"><span class='ocrx_word' id='word_1_198' title='bbox 69 2795 174 2848; x_wconf 78' lang='lat' dir='ltr'>quae,</span> <span class='ocrx_word' id='word_1_199' title='bbox 205 2766 288 2832; x_wconf 89' lang='lat' dir='ltr'>licet</span> <span class='ocrx_word' id='word_1_200' title='bbox 317 2788 380 2853; x_wconf 91' lang='lat' dir='ltr'>pro</span> <span class='ocrx_word' id='word_1_201' title='bbox 404 2769 494 2833; x_wconf 92' lang='lat' dir='ltr'>dono</span> <span class='ocrx_word' id='word_1_202' title='bbox 524 2769 756 2844; x_wconf 76' lang='lat' dir='ltr'>mitterentur,</span> <span class='ocrx_word' id='word_1_203' title='bbox 788 2766 898 2851; x_wconf 80' lang='lat' dir='ltr'>magis</span> <span class='ocrx_word' id='word_1_204' title='bbox 927 2770 1046 2830; x_wconf 80' lang='lat' dir='ltr'>tomen</span> <span class='ocrx_word' id='word_1_205' title='bbox 1075 2774 1191 2847; x_wconf 80' lang='lat' dir='ltr'>insignia</span> 
     </span>
     <span class='ocr_line' id='line_1_29' title="bbox 69 2851 1191 2940; baseline -0.005 -18"><span class='ocrx_word' id='word_1_206' title='bbox 69 2866 199 2922; x_wconf 80' lang='lat' dir='ltr'>victoriae</span> <span class='ocrx_word' id='word_1_207' title='bbox 217 2867 449 2924; x_wconf 79' lang='lat' dir='ltr'>videbantur.</span> <span class='ocrx_word' id='word_1_208' title='bbox 497 2855 592 2936; x_wconf 86' lang='lat' dir='ltr'>Quos</span> <span class='ocrx_word' id='word_1_209' title='bbox 616 2860 651 2921; x_wconf 90' lang='lat' dir='ltr'>et</span> <span class='ocrx_word' id='word_1_210' title='bbox 675 2856 824 2940; x_wconf 79' lang='lat' dir='ltr'>benigne</span> <span class='ocrx_word' id='word_1_211' title='bbox 849 2855 1001 2939; x_wconf 86' lang='lat' dir='ltr'>suscepit</span> <span class='ocrx_word' id='word_1_212' title='bbox 1024 2851 1060 2919; x_wconf 92' lang='lat' dir='ltr'>et</span> <span class='ocrx_word' id='word_1_213' title='bbox 1082 2872 1191 2918; x_wconf 89' lang='lat' dir='ltr'>remu·</span> 
     </span>
     <span class='ocr_line' id='line_1_30' title="bbox 68 2945 583 3010; baseline -0.002 -2"><span class='ocrx_word' id='word_1_214' title='bbox 68 2947 208 3010; x_wconf 84' lang='lat' dir='ltr'>nerutos</span> <span class='ocrx_word' id='word_1_215' title='bbox 230 2945 418 3010; x_wconf 88' lang='lat' dir='ltr'>honorifice</span> <span class='ocrx_word' id='word_1_216' title='bbox 442 2945 583 3010; x_wconf 88' lang='lat' dir='ltr'>dimisit.</span> 
     </span>
    </p>

    <p class='ocr_par' dir='ltr' id='par_1_11' title="bbox 176 3023 1234 3118">
     <span class='ocr_line' id='line_1_31' title="bbox 176 3023 1234 3118; baseline -0.002 -20"><span class='ocrx_word' id='word_1_217' title='bbox 176 3042 287 3100; x_wconf 76' lang='lat' dir='ltr'>Insulas</span> <span class='ocrx_word' id='word_1_218' title='bbox 311 3043 448 3113; x_wconf 73' lang='lat' dir='ltr'>Baleares,</span> <span class='ocrx_word' id='word_1_219' title='bbox 474 3053 562 3117; x_wconf 86' lang='lat' dir='ltr'>quae</span> <span class='ocrx_word' id='word_1_220' title='bbox 586 3054 679 3098; x_wconf 89' lang='lat' dir='ltr'>nunc</span> <span class='ocrx_word' id='word_1_221' title='bbox 703 3032 747 3098; x_wconf 93' lang='lat' dir='ltr'>ab</span> <span class='ocrx_word' id='word_1_222' title='bbox 771 3032 894 3099; x_wconf 89' lang='lat' dir='ltr'>incolis</span> <span class='ocrx_word' id='word_1_223' title='bbox 917 3023 1057 3098; x_wconf 70' lang='lat' dir='ltr'>earumh</span> <span class='ocrx_word' id='word_1_224' title='bbox 1084 3030 1192 3096; x_wconf 89' lang='lat' dir='ltr'>Maio·</span> <span class='ocrx_word' id='word_1_225' title='bbox 1232 3113 1234 3118; x_wconf 16' lang='lat' dir='ltr'>s</span> 
     </span>
    </p>
   </div>
   <div class='ocr_carea' id='block_1_10' title="bbox 70 3121 1193 3273">
    <p class='ocr_par' dir='ltr' id='par_1_12' title="bbox 70 3121 1193 3273">
     <span class='ocr_line' id='line_1_32' title="bbox 70 3121 1193 3204; baseline -0.001 -20"><span class='ocrx_word' id='word_1_226' title='bbox 70 3121 143 3185; x_wconf 78' lang='lat' dir='ltr'>rien</span> <span class='ocrx_word' id='word_1_227' title='bbox 159 3126 194 3186; x_wconf 91' lang='lat' dir='ltr'>et</span> <span class='ocrx_word' id='word_1_228' title='bbox 210 3122 380 3186; x_wconf 79' lang='lat' dir='ltr'>Minorioo</span> <span class='ocrx_word' id='word_1_229' title='bbox 394 3123 601 3200; x_wconf 80' lang='lat' dir='ltr'>vocitantur,</span> <span class='ocrx_word' id='word_1_230' title='bbox 622 3133 756 3188; x_wconf 85' lang='lat' dir='ltr'>aMauris</span> <span class='ocrx_word' id='word_1_231' title='bbox 768 3131 963 3204; x_wconf 76' lang='lat' dir='ltr'>piraticaml·⁹</span> <span class='ocrx_word' id='word_1_232' title='bbox 976 3130 1193 3186; x_wconf 85' lang='lat' dir='ltr'>exercentibus</span> 
     </span>
     <span class='ocr_line' id='line_1_33' title="bbox 70 3202 340 3273; baseline 0.004 -15"><span class='ocrx_word' id='word_1_233' title='bbox 70 3202 252 3273; x_wconf 85' lang='lat' dir='ltr'>depraedatae</span> <span class='ocrx_word' id='word_1_234' title='bbox 270 3209 340 3260; x_wconf 90' lang='lat' dir='ltr'>sunt.</span> 
     </span>
    </p>
   </div>
   <div class='ocr_carea' id='block_1_11' title="bbox 70 3314 1194 3790">
    <p class='ocr_par' dir='ltr' id='par_1_13' title="bbox 70 3314 1194 3790">
     <span class='ocr_line' id='line_1_34' title="bbox 70 3314 1194 3416; baseline -0.003 -12"><span class='ocrx_word' id='word_1_235' title='bbox 70 3363 95 3412; x_wconf 78' lang='lat' dir='ltr'>lt)</span> <span class='ocrx_word' id='word_1_236' title='bbox 108 3365 158 3414; x_wconf 67' lang='lat' dir='ltr'>igue</span> <span class='ocrx_word' id='word_1_237' title='bbox 172 3365 192 3408; x_wconf 80' lang='lat' dir='ltr'>o.</span> <span class='ocrx_word' id='word_1_238' title='bbox 255 3365 272 3415; x_wconf 91' lang='lat' dir='ltr'>l)</span> <span class='ocrx_word' id='word_1_239' title='bbox 285 3364 436 3416; x_wconf 69' lang='lat' dir='ltr'>northalbingi</span> <span class='ocrx_word' id='word_1_240' title='bbox 449 3365 469 3408; x_wconf 81' lang='lat'>8.</span> <span class='ocrx_word' id='word_1_241' title='bbox 518 3314 560 3415; x_wconf 66' lang='lat' dir='ltr'>(m)</span> <span class='ocrx_word' id='word_1_242' title='bbox 574 3365 661 3416; x_wconf 71' lang='lat' dir='ltr'>legatos</span> <span class='ocrx_word' id='word_1_243' title='bbox 677 3364 735 3415; x_wconf 68' lang='lat' dir='ltr'>reris</span> <span class='ocrx_word' id='word_1_244' title='bbox 750 3365 770 3408; x_wconf 82' lang='grc'>3.</span> <span class='ocrx_word' id='word_1_245' title='bbox 823 3363 847 3415; x_wconf 86' lang='lat' dir='ltr'>n)</span> <span class='ocrx_word' id='word_1_246' title='bbox 860 3363 974 3405; x_wconf 80' lang='lat' dir='ltr'>obodritos</span> <span class='ocrx_word' id='word_1_247' title='bbox 988 3364 1007 3407; x_wconf 86' lang='grc'>7.</span> <span class='ocrx_word' id='word_1_248' title='bbox 1063 3361 1085 3413; x_wconf 90' lang='lat' dir='ltr'>o)</span> <span class='ocrx_word' id='word_1_249' title='bbox 1098 3363 1194 3402; x_wconf 80' lang='lat' dir='ltr'>aurilla-</span> 
     </span>
     <span class='ocr_line' id='line_1_35' title="bbox 71 3415 1193 3470; baseline -0.001 -12"><span class='ocrx_word' id='word_1_250' title='bbox 71 3422 131 3458; x_wconf 83' lang='lat' dir='ltr'>tores</span> <span class='ocrx_word' id='word_1_251' title='bbox 151 3418 170 3461; x_wconf 85' lang='lat' dir='ltr'>o.</span> <span class='ocrx_word' id='word_1_252' title='bbox 187 3418 207 3459; x_wconf 89' lang='grc'>7.</span> <span class='ocrx_word' id='word_1_253' title='bbox 274 3422 312 3468; x_wconf 72' lang='lat' dir='ltr'>p)</span> <span class='ocrx_word' id='word_1_254' title='bbox 333 3419 411 3459; x_wconf 81' lang='lat' dir='ltr'>thasco</span> <span class='ocrx_word' id='word_1_255' title='bbox 432 3419 526 3462; x_wconf 76' lang='grc'><strong>1.8.7.</strong></span> <span class='ocrx_word' id='word_1_256' title='bbox 546 3421 571 3470; x_wconf 83' lang='grc'>8;</span> <span class='ocrx_word' id='word_1_257' title='bbox 600 3419 678 3459; x_wconf 77' lang='lat' dir='ltr'>tsscbo</span> <span class='ocrx_word' id='word_1_258' title='bbox 699 3419 723 3469; x_wconf 63' lang='grc' dir='ltr'>ῆς</span> <span class='ocrx_word' id='word_1_259' title='bbox 746 3419 845 3459; x_wconf 71' lang='lat' dir='ltr'>tucos.</span> <span class='ocrx_word' id='word_1_260' title='bbox 926 3417 951 3468; x_wconf 80' lang='lat' dir='ltr'>q)</span> <span class='ocrx_word' id='word_1_261' title='bbox 966 3415 1013 3468; x_wconf 68' lang='lat' dir='ltr'>fillo</span> <span class='ocrx_word' id='word_1_262' title='bbox 1031 3419 1050 3459; x_wconf 87' lang='lat'>1.</span> <span class='ocrx_word' id='word_1_263' title='bbox 1066 3416 1086 3459; x_wconf 80' lang='grc'>2.</span> <span class='ocrx_word' id='word_1_264' title='bbox 1102 3416 1122 3458; x_wconf 78' lang='lat' dir='ltr'>o.</span> <span class='ocrx_word' id='word_1_265' title='bbox 1137 3418 1157 3458; x_wconf 80' lang='grc'>6.</span> <span class='ocrx_word' id='word_1_266' title='bbox 1174 3417 1193 3457; x_wconf 84' lang='lat' dir='ltr'>t.</span> 
     </span>
     <span class='ocr_line' id='line_1_36' title="bbox 71 3469 1193 3522; baseline 0 -11"><span class='ocrx_word' id='word_1_267' title='bbox 71 3471 192 3519; x_wconf 71' lang='lat' dir='ltr'>rlcodet.</span> <span class='ocrx_word' id='word_1_268' title='bbox 206 3471 225 3514; x_wconf 78' lang='grc'>8.</span> <span class='ocrx_word' id='word_1_269' title='bbox 239 3471 294 3514; x_wconf 72' lang='lat' dir='ltr'>ol.</span> <span class='ocrx_word' id='word_1_270' title='bbox 352 3474 372 3519; x_wconf 86' lang='grc' dir='ltr'>ι)</span> <span class='ocrx_word' id='word_1_271' title='bbox 386 3472 432 3522; x_wconf 78' lang='lat' dir='ltr'>pllo</span> <span class='ocrx_word' id='word_1_272' title='bbox 447 3475 466 3515; x_wconf 87' lang='lat'>1.</span> <span class='ocrx_word' id='word_1_273' title='bbox 480 3473 499 3514; x_wconf 82' lang='lat'>2.</span> <span class='ocrx_word' id='word_1_274' title='bbox 512 3473 532 3515; x_wconf 79' lang='lat' dir='ltr'>o.</span> <span class='ocrx_word' id='word_1_275' title='bbox 546 3474 566 3515; x_wconf 81' lang='lat' dir='ltr'>b.</span> <span class='ocrx_word' id='word_1_276' title='bbox 579 3472 599 3515; x_wconf 84' lang='grc'>6.</span> <span class='ocrx_word' id='word_1_277' title='bbox 613 3473 633 3516; x_wconf 90' lang='grc'>7.</span> <span class='ocrx_word' id='word_1_278' title='bbox 692 3471 899 3519; x_wconf 64' lang='lat' dir='ltr'>tyrenensem.</span> <span class='ocrx_word' id='word_1_279' title='bbox 958 3469 1126 3520; x_wconf 68' lang='lat' dir='ltr'>njaqulsgrsul</span> <span class='ocrx_word' id='word_1_280' title='bbox 1141 3469 1160 3512; x_wconf 83' lang='lat'>³.</span> <span class='ocrx_word' id='word_1_281' title='bbox 1174 3470 1193 3511; x_wconf 91' lang='grc'>7.</span> 
     </span>
     <span class='ocr_line' id='line_1_37' title="bbox 72 3521 1191 3576; baseline -0.003 -12"><span class='ocrx_word' id='word_1_282' title='bbox 72 3527 96 3572; x_wconf 82' lang='lat' dir='ltr'>v)</span> <span class='ocrx_word' id='word_1_283' title='bbox 110 3524 203 3565; x_wconf 83' lang='lat' dir='ltr'>helenae</span> <span class='ocrx_word' id='word_1_284' title='bbox 217 3525 236 3567; x_wconf 84' lang='lat' dir='ltr'>o.</span> <span class='ocrx_word' id='word_1_285' title='bbox 250 3525 269 3567; x_wconf 79' lang='grc' dir='ltr'>ὁ.</span> <span class='ocrx_word' id='word_1_286' title='bbox 283 3525 303 3568; x_wconf 82' lang='lat' dir='ltr'>o.</span> <span class='ocrx_word' id='word_1_287' title='bbox 318 3526 337 3567; x_wconf 87' lang='grc'>7.</span> <span class='ocrx_word' id='word_1_288' title='bbox 387 3526 417 3576; x_wconf 89' lang='lat' dir='ltr'>w)</span> <span class='ocrx_word' id='word_1_289' title='bbox 431 3521 512 3565; x_wconf 80' lang='lat' dir='ltr'>assde</span> <span class='ocrx_word' id='word_1_290' title='bbox 526 3525 545 3568; x_wconf 80' lang='grc'>3.</span> <span class='ocrx_word' id='word_1_291' title='bbox 559 3526 579 3568; x_wconf 86' lang='lat' dir='ltr'>o.</span> <span class='ocrx_word' id='word_1_292' title='bbox 593 3526 613 3568; x_wconf 85' lang='grc'>7.</span> <span class='ocrx_word' id='word_1_293' title='bbox 667 3528 692 3574; x_wconf 81' lang='lat' dir='ltr'>x)</span> <span class='ocrx_word' id='word_1_294' title='bbox 705 3535 781 3568; x_wconf 82' lang='lat' dir='ltr'>sxcso.</span> <span class='ocrx_word' id='word_1_295' title='bbox 795 3527 815 3568; x_wconf 90' lang='lat'>1.</span> <span class='ocrx_word' id='word_1_296' title='bbox 828 3524 848 3567; x_wconf 69' lang='lat' dir='ltr'>o.</span> <span class='ocrx_word' id='word_1_297' title='bbox 863 3524 882 3567; x_wconf 78' lang='lat' dir='ltr'>o.</span> <span class='ocrx_word' id='word_1_298' title='bbox 896 3524 918 3566; x_wconf 89' lang='grc'>7.</span> <span class='ocrx_word' id='word_1_299' title='bbox 968 3524 993 3576; x_wconf 87' lang='lat' dir='ltr'>y)</span> <span class='ocrx_word' id='word_1_300' title='bbox 1007 3522 1120 3564; x_wconf 82' lang='lat' dir='ltr'>slsslnlum</span> <span class='ocrx_word' id='word_1_301' title='bbox 1135 3524 1153 3565; x_wconf 83' lang='lat' dir='ltr'>l.</span> <span class='ocrx_word' id='word_1_302' title='bbox 1167 3523 1191 3571; x_wconf 69' lang='grc' dir='ltr'>ος</span> 
     </span>
     <span class='ocr_line' id='line_1_38' title="bbox 72 3575 1193 3630; baseline -0.003 -13"><span class='ocrx_word' id='word_1_303' title='bbox 72 3577 174 3618; x_wconf 86' lang='lat' dir='ltr'>slslnlum</span> <span class='ocrx_word' id='word_1_304' title='bbox 188 3579 208 3621; x_wconf 79' lang='lat' dir='ltr'>o.</span> <span class='ocrx_word' id='word_1_305' title='bbox 262 3576 283 3627; x_wconf 83' lang='lat' dir='ltr'>s)</span> <span class='ocrx_word' id='word_1_306' title='bbox 297 3578 369 3618; x_wconf 80' lang='lat' dir='ltr'>tirasll</span> <span class='ocrx_word' id='word_1_307' title='bbox 379 3579 403 3630; x_wconf 73' lang='lat'>23</span> <span class='ocrx_word' id='word_1_308' title='bbox 419 3578 511 3619; x_wconf 77' lang='lat' dir='ltr'>tbarasll</span> <span class='ocrx_word' id='word_1_309' title='bbox 522 3579 540 3620; x_wconf 89' lang='grc'>7.</span> <span class='ocrx_word' id='word_1_310' title='bbox 595 3581 618 3627; x_wconf 79' lang='lat' dir='ltr'>a)</span> <span class='ocrx_word' id='word_1_311' title='bbox 632 3578 727 3618; x_wconf 83' lang='lat' dir='ltr'>mlcbasl</span> <span class='ocrx_word' id='word_1_312' title='bbox 742 3580 760 3621; x_wconf 90' lang='lat'>1.</span> <span class='ocrx_word' id='word_1_313' title='bbox 771 3579 790 3622; x_wconf 74' lang='lat' dir='ltr'>l.</span> <span class='ocrx_word' id='word_1_314' title='bbox 799 3578 819 3621; x_wconf 82' lang='lat'>8.</span> <span class='ocrx_word' id='word_1_315' title='bbox 874 3578 896 3624; x_wconf 88' lang='lat' dir='ltr'>b)</span> <span class='ocrx_word' id='word_1_316' title='bbox 905 3577 1045 3627; x_wconf 68' lang='lat' dir='ltr'>glaogllanos</span> <span class='ocrx_word' id='word_1_317' title='bbox 1054 3575 1079 3627; x_wconf 76' lang='lat'>²3</span> <span class='ocrx_word' id='word_1_318' title='bbox 1094 3575 1193 3625; x_wconf 68' lang='lat' dir='ltr'>ganglia-</span> 
     </span>
     <span class='ocr_line' id='line_1_39' title="bbox 72 3628 1194 3684; baseline 0 -14"><span class='ocrx_word' id='word_1_319' title='bbox 72 3638 114 3672; x_wconf 85' lang='lat' dir='ltr'>utss</span> <span class='ocrx_word' id='word_1_320' title='bbox 127 3631 147 3672; x_wconf 78' lang='grc'>6.</span> <span class='ocrx_word' id='word_1_321' title='bbox 161 3632 180 3673; x_wconf 93' lang='grc'>7.</span> <span class='ocrx_word' id='word_1_322' title='bbox 261 3635 282 3679; x_wconf 91' lang='lat' dir='ltr'>c)</span> <span class='ocrx_word' id='word_1_323' title='bbox 296 3631 398 3672; x_wconf 81' lang='lat' dir='ltr'>theotllns</span> <span class='ocrx_word' id='word_1_324' title='bbox 413 3633 436 3684; x_wconf 72' lang='lat'>¹5</span> <span class='ocrx_word' id='word_1_325' title='bbox 452 3631 563 3672; x_wconf 83' lang='lat' dir='ltr'>theotlllus</span> <span class='ocrx_word' id='word_1_326' title='bbox 577 3632 601 3681; x_wconf 74' lang='lat'>2;</span> <span class='ocrx_word' id='word_1_327' title='bbox 617 3631 728 3681; x_wconf 85' lang='lat' dir='ltr'>tsopbllus</span> <span class='ocrx_word' id='word_1_328' title='bbox 742 3632 762 3675; x_wconf 83' lang='lat'>6.</span> <span class='ocrx_word' id='word_1_329' title='bbox 842 3630 866 3678; x_wconf 86' lang='lat' dir='ltr'>d)</span> <span class='ocrx_word' id='word_1_330' title='bbox 880 3629 990 3671; x_wconf 81' lang='lat' dir='ltr'>lachernls</span> <span class='ocrx_word' id='word_1_331' title='bbox 1004 3630 1030 3680; x_wconf 62' lang='lat' dir='ltr'>&#39;t</span> <span class='ocrx_word' id='word_1_332' title='bbox 1049 3629 1160 3670; x_wconf 75' lang='lat' dir='ltr'>blacernis</span> <span class='ocrx_word' id='word_1_333' title='bbox 1174 3628 1194 3670; x_wconf 81' lang='grc'>6.</span> 
     </span>
     <span class='ocr_line' id='line_1_40' title="bbox 72 3682 1193 3736; baseline -0.003 -11"><span class='ocrx_word' id='word_1_334' title='bbox 72 3683 215 3733; x_wconf 77' lang='lat' dir='ltr'>slblspanlls</span> <span class='ocrx_word' id='word_1_335' title='bbox 230 3685 255 3734; x_wconf 73' lang='lat'>23</span> <span class='ocrx_word' id='word_1_336' title='bbox 271 3684 381 3736; x_wconf 80' lang='lat' dir='ltr'>hyspania</span> <span class='ocrx_word' id='word_1_337' title='bbox 395 3685 414 3728; x_wconf 90' lang='grc'>7.</span> <span class='ocrx_word' id='word_1_338' title='bbox 488 3685 624 3732; x_wconf 76' lang='lat' dir='ltr'>omanlbns</span> <span class='ocrx_word' id='word_1_339' title='bbox 640 3685 660 3728; x_wconf 88' lang='lat' dir='ltr'>o.</span> <span class='ocrx_word' id='word_1_340' title='bbox 675 3686 694 3728; x_wconf 83' lang='lat' dir='ltr'>t.</span> <span class='ocrx_word' id='word_1_341' title='bbox 769 3682 970 3735; x_wconf 59' lang='lat' dir='ltr'>nothmannorum</span> <span class='ocrx_word' id='word_1_342' title='bbox 984 3683 1069 3727; x_wconf 64' lang='lat' dir='ltr'>tto.</span> <span class='ocrx_word' id='word_1_343' title='bbox 1083 3683 1108 3734; x_wconf 71' lang='lat' dir='ltr'>o,</span> <span class='ocrx_word' id='word_1_344' title='bbox 1123 3682 1193 3731; x_wconf 83' lang='lat' dir='ltr'>ollpo·</span> 
     </span>
     <span class='ocr_line' id='line_1_41' title="bbox 72 3735 979 3790; baseline 0.004 -14"><span class='ocrx_word' id='word_1_345' title='bbox 72 3746 155 3776; x_wconf 81' lang='lat' dir='ltr'>nouam</span> <span class='ocrx_word' id='word_1_346' title='bbox 169 3736 188 3780; x_wconf 75' lang='grc'>7.</span> <span class='ocrx_word' id='word_1_347' title='bbox 256 3735 280 3787; x_wconf 86' lang='lat' dir='ltr'>b)</span> <span class='ocrx_word' id='word_1_348' title='bbox 294 3747 370 3777; x_wconf 78' lang='lat' dir='ltr'>camin</span> <span class='ocrx_word' id='word_1_349' title='bbox 385 3740 405 3778; x_wconf 83' lang='lat'>1.</span> <span class='ocrx_word' id='word_1_350' title='bbox 419 3738 439 3780; x_wconf 76' lang='lat' dir='ltr'>t.</span> <span class='ocrx_word' id='word_1_351' title='bbox 499 3739 517 3786; x_wconf 89' lang='lat' dir='ltr'>t)</span> <span class='ocrx_word' id='word_1_352' title='bbox 530 3739 654 3790; x_wconf 74' lang='lat' dir='ltr'>pyraticam</span> <span class='ocrx_word' id='word_1_353' title='bbox 669 3738 694 3788; x_wconf 65' lang='grc' dir='ltr'>ὃς</span> <span class='ocrx_word' id='word_1_354' title='bbox 708 3738 856 3778; x_wconf 68' lang='lat' dir='ltr'>detumuere</span> <span class='ocrx_word' id='word_1_355' title='bbox 869 3742 951 3789; x_wconf 82' lang='lat' dir='ltr'>pyrata</span> <span class='ocrx_word' id='word_1_356' title='bbox 960 3738 979 3780; x_wconf 83' lang='grc'>8.</span> 
     </span>
    </p>
   </div>
   <div class='ocr_carea' id='block_1_12' title="bbox 72 3841 1230 4408">
    <p class='ocr_par' dir='ltr' id='par_1_14' title="bbox 72 3841 1230 4408">
     <span class='ocr_line' id='line_1_42' title="bbox 180 3841 1193 3913; baseline -0.007 -14"><span class='ocrx_word' id='word_1_357' title='bbox 180 3843 275 3909; x_wconf 82' lang='lat' dir='ltr'>1)1o..·</span> <span class='ocrx_word' id='word_1_358' title='bbox 293 3841 504 3896; x_wconf 81' lang='lat' dir='ltr'>&#39;I&#39;ransalbianos</span> <span class='ocrx_word' id='word_1_359' title='bbox 523 3860 573 3912; x_wconf 90' lang='lat' dir='ltr'>per</span> <span class='ocrx_word' id='word_1_360' title='bbox 584 3842 733 3898; x_wconf 79' lang='lat' dir='ltr'>Eburisum</span> <span class='ocrx_word' id='word_1_361' title='bbox 747 3887 753 3899; x_wconf 93' lang='lat'><strong><em>.</em></strong></span> <span class='ocrx_word' id='word_1_362' title='bbox 767 3887 773 3899; x_wconf 88' lang='lat'><strong><em>.</em></strong></span> <span class='ocrx_word' id='word_1_363' title='bbox 787 3842 862 3898; x_wconf 85' lang='lat' dir='ltr'>vicit.</span> <span class='ocrx_word' id='word_1_364' title='bbox 934 3842 964 3913; x_wconf 79' lang='lat'>2)</span> <span class='ocrx_word' id='word_1_365' title='bbox 977 3842 1020 3908; x_wconf 80' lang='lat' dir='ltr'>Cf.</span> <span class='ocrx_word' id='word_1_366' title='bbox 1034 3842 1113 3905; x_wconf 73' lang='lat' dir='ltr'>infru</span> <span class='ocrx_word' id='word_1_367' title='bbox 1125 3843 1193 3897; x_wconf 79' lang='lat'>819:</span> 
     </span>
     <span class='ocr_line' id='line_1_43' title="bbox 72 3909 1194 3982; baseline -0.003 -16"><span class='ocrx_word' id='word_1_368' title='bbox 72 3910 241 3968; x_wconf 83' lang='lat' dir='ltr'>Lindewitus</span> <span class='ocrx_word' id='word_1_369' title='bbox 259 3913 386 3982; x_wconf 88' lang='lat' dir='ltr'>superbia</span> <span class='ocrx_word' id='word_1_370' title='bbox 409 3913 497 3967; x_wconf 90' lang='lat' dir='ltr'>elatus</span> <span class='ocrx_word' id='word_1_371' title='bbox 522 3915 592 3980; x_wconf 68' lang='lat' dir='ltr'><em>(D).</em></span> <span class='ocrx_word' id='word_1_372' title='bbox 682 3916 710 3982; x_wconf 84' lang='grc'>3)</span> <span class='ocrx_word' id='word_1_373' title='bbox 728 3915 770 3979; x_wconf 72' lang='lat' dir='ltr'>Of.</span> <span class='ocrx_word' id='word_1_374' title='bbox 788 3915 869 3978; x_wconf 75' lang='lat' dir='ltr'>infra</span> <span class='ocrx_word' id='word_1_375' title='bbox 886 3914 954 3968; x_wconf 77' lang='lat'>821:</span> <span class='ocrx_word' id='word_1_376' title='bbox 980 3911 1009 3965; x_wconf 92' lang='lat' dir='ltr'>in</span> <span class='ocrx_word' id='word_1_377' title='bbox 1034 3909 1194 3965; x_wconf 84' lang='lat' dir='ltr'>societatem</span> 
     </span>
     <span class='ocr_line' id='line_1_44' title="bbox 73 3983 1194 4054; baseline 0.002 -18"><span class='ocrx_word' id='word_1_378' title='bbox 73 3984 153 4053; x_wconf 76' lang='lat' dir='ltr'>regni</span> <span class='ocrx_word' id='word_1_379' title='bbox 169 3984 276 4054; x_wconf 88' lang='lat' dir='ltr'>recepti</span> <span class='ocrx_word' id='word_1_380' title='bbox 287 3986 358 4052; x_wconf 88' lang='lat' dir='ltr'><em>(D.).</em></span> <span class='ocrx_word' id='word_1_381' title='bbox 429 3987 458 4053; x_wconf 91' lang='grc'>4)</span> <span class='ocrx_word' id='word_1_382' title='bbox 475 3985 509 4038; x_wconf 79' lang='lat' dir='ltr'>In</span> <span class='ocrx_word' id='word_1_383' title='bbox 521 4001 612 4054; x_wconf 82' lang='lat' dir='ltr'>campo</span> <span class='ocrx_word' id='word_1_384' title='bbox 625 3983 818 4039; x_wconf 76' lang='lat' dir='ltr'>zuentinefeld</span> <span class='ocrx_word' id='word_1_385' title='bbox 831 3983 978 4048; x_wconf 80' lang='lat' dir='ltr'>(Helmolds&#39;</span> <span class='ocrx_word' id='word_1_386' title='bbox 989 3983 1088 4038; x_wconf 74' lang='lat' dir='ltr'>Chron.</span> <span class='ocrx_word' id='word_1_387' title='bbox 1101 3983 1125 4047; x_wconf 87' lang='lat'>1,</span> <span class='ocrx_word' id='word_1_388' title='bbox 1138 3985 1194 4046; x_wconf 82' lang='lat'>91),</span> 
     </span>
     <span class='ocr_line' id='line_1_45' title="bbox 73 4052 1195 4124; baseline -0.002 -17"><span class='ocrx_word' id='word_1_389' title='bbox 73 4055 121 4107; x_wconf 72' lang='lat' dir='ltr'>abr·</span> <span class='ocrx_word' id='word_1_390' title='bbox 139 4061 231 4124; x_wconf 80' lang='lat' dir='ltr'>postca</span> <span class='ocrx_word' id='word_1_391' title='bbox 250 4057 408 4110; x_wconf 65' lang='lat' dir='ltr'>nostum</span> <span class='ocrx_word' id='word_1_392' title='bbox 431 4056 583 4118; x_wconf 69' lang='lat' dir='ltr'>conditumr</span> <span class='ocrx_word' id='word_1_393' title='bbox 608 4057 714 4110; x_wconf 80' lang='lat' dir='ltr'>Simson</span> <span class='ocrx_word' id='word_1_394' title='bbox 738 4058 798 4111; x_wconf 84' lang='lat'>148.</span> <span class='ocrx_word' id='word_1_395' title='bbox 888 4058 916 4122; x_wconf 80' lang='grc' dir='ltr'>ὃ)</span> <span class='ocrx_word' id='word_1_396' title='bbox 935 4055 1093 4119; x_wconf 69' lang='lat' dir='ltr'>tranet:</span> <span class='ocrx_word' id='word_1_397' title='bbox 1119 4052 1195 4106; x_wconf 89' lang='lat' dir='ltr'>hiet</span> 
     </span>
     <span class='ocr_line' id='line_1_46' title="bbox 74 4123 1195 4194; baseline 0.001 -17"><span class='ocrx_word' id='word_1_398' title='bbox 74 4123 103 4177; x_wconf 92' lang='lat' dir='ltr'>in</span> <span class='ocrx_word' id='word_1_399' title='bbox 112 4125 170 4180; x_wconf 89' lang='lat' dir='ltr'>acie</span> <span class='ocrx_word' id='word_1_400' title='bbox 184 4168 190 4182; x_wconf 90' lang='lat'>.</span> <span class='ocrx_word' id='word_1_401' title='bbox 205 4168 211 4182; x_wconf 86' lang='lat'>.</span> <span class='ocrx_word' id='word_1_402' title='bbox 224 4131 338 4181; x_wconf 86' lang='lat' dir='ltr'>tenuere</span> <span class='ocrx_word' id='word_1_403' title='bbox 348 4126 476 4180; x_wconf 85' lang='lat' dir='ltr'>dextrum</span> <span class='ocrx_word' id='word_1_404' title='bbox 489 4142 576 4180; x_wconf 91' lang='lat' dir='ltr'>cornu</span> <span class='ocrx_word' id='word_1_405' title='bbox 584 4127 657 4194; x_wconf 78' lang='lat' dir='ltr'><em>(M).</em></span> <span class='ocrx_word' id='word_1_406' title='bbox 695 4129 723 4188; x_wconf 80' lang='lat' dir='ltr'>ot</span> <span class='ocrx_word' id='word_1_407' title='bbox 733 4127 762 4182; x_wconf 77' lang='lat' dir='ltr'>V.</span> <span class='ocrx_word' id='word_1_408' title='bbox 773 4142 859 4194; x_wconf 82' lang='lat' dir='ltr'>supra</span> <span class='ocrx_word' id='word_1_409' title='bbox 869 4128 930 4182; x_wconf 91' lang='grc'><strong>788.</strong></span> <span class='ocrx_word' id='word_1_410' title='bbox 940 4132 964 4179; x_wconf 79' lang='lat' dir='ltr'>et</span> <span class='ocrx_word' id='word_1_411' title='bbox 972 4126 1053 4189; x_wconf 70' lang='lat' dir='ltr'>infra</span> <span class='ocrx_word' id='word_1_412' title='bbox 1061 4127 1115 4181; x_wconf 86' lang='grc'>807</span> <span class='ocrx_word' id='word_1_413' title='bbox 1124 4125 1195 4190; x_wconf 72' lang='lat' dir='ltr'>(D).</span> 
     </span>
     <span class='ocr_line' id='line_1_47' title="bbox 76 4195 1195 4266; baseline -0.002 -17"><span class='ocrx_word' id='word_1_414' title='bbox 76 4197 103 4261; x_wconf 82' lang='grc'>7)</span> <span class='ocrx_word' id='word_1_415' title='bbox 120 4197 203 4249; x_wconf 75' lang='lat' dir='ltr'>quta</span> <span class='ocrx_word' id='word_1_416' title='bbox 222 4198 485 4266; x_wconf 60' lang='lat' dir='ltr'>Constantinopolim.</span> <span class='ocrx_word' id='word_1_417' title='bbox 563 4200 593 4266; x_wconf 88' lang='lat'>8)</span> <span class='ocrx_word' id='word_1_418' title='bbox 612 4199 653 4263; x_wconf 74' lang='lat' dir='ltr'>Cf.</span> <span class='ocrx_word' id='word_1_419' title='bbox 667 4198 741 4253; x_wconf 80' lang='lat' dir='ltr'>Flor.</span> <span class='ocrx_word' id='word_1_420' title='bbox 755 4199 779 4263; x_wconf 89' lang='lat' dir='ltr'>I,</span> <span class='ocrx_word' id='word_1_421' title='bbox 793 4200 825 4253; x_wconf 85' lang='lat'>1:</span> <span class='ocrx_word' id='word_1_422' title='bbox 844 4196 879 4250; x_wconf 87' lang='lat' dir='ltr'>ds</span> <span class='ocrx_word' id='word_1_423' title='bbox 896 4195 1034 4250; x_wconf 89' lang='lat' dir='ltr'>manubiis</span> <span class='ocrx_word' id='word_1_424' title='bbox 1052 4200 1195 4263; x_wconf 81' lang='lat' dir='ltr'>captarum</span> 
     </span>
     <span class='ocr_line' id='line_1_48' title="bbox 74 4264 1230 4347; baseline 0 -29"><span class='ocrx_word' id='word_1_425' title='bbox 74 4264 184 4347; x_wconf 81' lang='lat' dir='ltr'>urbium</span> <span class='ocrx_word' id='word_1_426' title='bbox 196 4269 270 4334; x_wconf 70' lang='lat' dir='ltr'>(tt).</span> <span class='ocrx_word' id='word_1_427' title='bbox 343 4271 371 4339; x_wconf 86' lang='grc'>9)</span> <span class='ocrx_word' id='word_1_428' title='bbox 385 4271 456 4324; x_wconf 72' lang='lat' dir='ltr'>Ano.</span> <span class='ocrx_word' id='word_1_429' title='bbox 470 4269 549 4324; x_wconf 74' lang='lat' dir='ltr'>nutu.</span> <span class='ocrx_word' id='word_1_430' title='bbox 563 4278 609 4332; x_wconf 90' lang='lat'>(=</span> <span class='ocrx_word' id='word_1_431' title='bbox 620 4269 704 4328; x_wconf 76' lang='lat' dir='ltr'>sot.)</span> <span class='ocrx_word' id='word_1_432' title='bbox 718 4271 784 4327; x_wconf 80' lang='lat'><strong>798:</strong></span> <span class='ocrx_word' id='word_1_433' title='bbox 804 4266 897 4322; x_wconf 80' lang='lat' dir='ltr'>Mauri</span> <span class='ocrx_word' id='word_1_434' title='bbox 909 4266 1054 4337; x_wconf 88' lang='lat' dir='ltr'>piraticam</span> <span class='ocrx_word' id='word_1_435' title='bbox 1067 4281 1195 4320; x_wconf 86' lang='lat' dir='ltr'>exercere</span> <span class='ocrx_word' id='word_1_436' title='bbox 1229 4265 1230 4268; x_wconf 71' lang='grc'>’</span> 
     </span>
     <span class='ocr_line' id='line_1_49' title="bbox 74 4335 1195 4408; baseline 0 -20"><span class='ocrx_word' id='word_1_437' title='bbox 74 4335 217 4404; x_wconf 77' lang='lat' dir='ltr'>incipiunt.</span> <span class='ocrx_word' id='word_1_438' title='bbox 255 4339 297 4404; x_wconf 75' lang='lat' dir='ltr'>Cf.</span> <span class='ocrx_word' id='word_1_439' title='bbox 316 4340 346 4394; x_wconf 87' lang='lat' dir='ltr'>V.</span> <span class='ocrx_word' id='word_1_440' title='bbox 366 4340 438 4395; x_wconf 82' lang='lat' dir='ltr'>Kar.</span> <span class='ocrx_word' id='word_1_441' title='bbox 456 4342 505 4395; x_wconf 82' lang='lat'>17:</span> <span class='ocrx_word' id='word_1_442' title='bbox 531 4344 627 4393; x_wconf 84' lang='lat' dir='ltr'>contra</span> <span class='ocrx_word' id='word_1_443' title='bbox 651 4338 765 4393; x_wconf 87' lang='lat' dir='ltr'>Mauros</span> <span class='ocrx_word' id='word_1_444' title='bbox 789 4355 878 4408; x_wconf 86' lang='lat' dir='ltr'>nuper</span> <span class='ocrx_word' id='word_1_445' title='bbox 895 4337 1049 4407; x_wconf 85' lang='lat' dir='ltr'>pyraticam</span> <span class='ocrx_word' id='word_1_446' title='bbox 1068 4351 1195 4390; x_wconf 85' lang='lat' dir='ltr'>exercere</span> 
     </span>
    </p>
   </div>
   <div class='ocr_carea' id='block_1_13' title="bbox 75 4404 223 4475">
    <p class='ocr_par' dir='ltr' id='par_1_15' title="bbox 75 4404 223 4475">
     <span class='ocr_line' id='line_1_50' title="bbox 75 4404 223 4475; baseline 0.014 -15"><span class='ocrx_word' id='word_1_447' title='bbox 75 4404 223 4475; x_wconf 65' lang='lat' dir='ltr'>ugrum.</span> 
     </span>
    </p>
   </div>
   <div class='ocr_carea' id='block_1_14' title="bbox 0 0 1531 4944">
    <p class='ocr_par' dir='ltr' id='par_1_16' title="bbox 0 0 1531 4944">
     <span class='ocr_line' id='line_1_51' title="bbox 0 0 1531 4944; baseline 0 0"><span class='ocrx_word' id='word_1_448' title='bbox 0 0 1531 4944; x_wconf 95' lang='lat' dir='ltr'> </span> 
     </span>
    </p>
   </div>
  </div>
 </body>
</html>
