3030 4944
285 396 335 449 132
478 389 658 446 annuns
677 389 799 446 REGNI
819 390 1068 447 FRANGORUM.
1105 391 1141 446 A.
1150 395 1212 448 810.

281 579 357 638 tum
370 573 389 648 ¹,
420 573 457 636 in
487 594 554 659 quo
586 573 662 639 Ode
693 574 829 659 legatus
860 574 1078 658 imperatoris
1112 576 1149 639 et
1183 573 1405 640 orientalium

284 662 457 726 Saxonum
488 666 563 726 erat
593 664 813 747 praesidium,
848 662 1031 728 aWilnist
1061 668 1202 747 captum
1232 666 1269 728 et
1292 663 1406 748 Pippi·

200 756 391 816 1u.s.num¹¹
419 750 550 814 liliumv
578 752 661 829 eius,
686 771 801 837 regem
827 750 966 828 Italiae,
999 751 1114 816 ‘VIIL
1145 751 1229 816 Idus
1254 751 1338 815 lulii
1362 753 1428 817 de·
1454 808 1459 819 .

284 860 424 924 corpore
448 839 612 925 migrasse
630 840 783 924 duasque
806 839 998 924 legationes
1014 840 1057 904 de
1075 840 1217 904 diversis
1233 844 1404 906 terrarum

283 929 457 1013 partibus.
489 950 594 994 unam
625 929 668 996 de
699 927 1043 1013 Constantinopolin
1076 928 1222 993 alteram
1253 929 1296 994 de
1327 929 1405 994 (lor-

284 1018 387 1094 duba,
411 1017 506 1103 pacis
528 1018 709 1082 faciendae
733 1038 837 1082 eausa
857 1018 1044 1085 adventare
1061 1022 1231 1081 narratur.
1271 1016 1406 1097 Quibus

284 1105 344 1171 ille
368 1106 519 1191 acceptis
543 1106 711 1190 disposita
733 1111 816 1191 pro¹
844 1107 1009 1190 temporis
1033 1107 1232 1171 conditione
1257 1106 1406 1171 Saxonis

284 1196 423 1259 domum
447 1196 642 1260 revertitur.
688 1194 801 1259 Tanta
829 1196 899 1259 fuit
928 1195 966 1258 in
989 1214 1030 1259 ea
1058 1195 1277 1279 expeditione
1301 1195 1406 1260 boum

285 1284 493 1368 pestilentia,
521 1287 562 1347 ut
585 1304 672 1368 pene
695 1283 836 1348 nullusy
862 1287 962 1348 tanto
986 1284 1172 1348 enereitui¹
1201 1287 1405 1368 superesset,

283 1373 366 1456 quin
390 1393 508 1437 omnes
531 1373 699 1456 usquead
717 1394 825 1436 unum
844 1373 1033 1455 perirent²;
1058 1375 1094 1437 et
1117 1393 1185 1437 non
1210 1372 1322 1437 solum
1346 1373 1405 1451 ibi,

283 1462 342 1526 sed
374 1462 478 1526 etiem
510 1454 590 1544 perb
618 1482 736 1527 omnes
766 1462 967 1546 imperatori
990 1462 1164 1526 subiectas
1187 1462 1401 1546 provincias⁰

283 1549 377 1614 illius
414 1550 549 1634 generis
581 1551 783 1615 animalium
816 1549 1010 1614 mortalitas
1045 1551 1280 1615 inmanissime
1316 1571 1406 1634 gras-

283 1643 360 1704 sata
383 1643 435 1704 est
445 1640 466 1700 ².

443 1813 538 1860 B(2.)⁴.
554 1811 870 1865 01.as.1›1.(s.)am.
886 1813 906 1856 2.
919 1811 939 1856 t.
953 1813 982 1862 (4.
997 1813 1026 1860 t.)
1040 1813 1059 1856 t.
1074 1814 1093 1855 ¹1.
1107 1814 1127 1857 ll.

284 1864 302 1914 t)
315 1865 386 1904 unlsts
400 1865 446 1915 0³3
461 1865 552 1906 nutura
566 1866 614 1908 Dl.
628 1868 652 1916 ὓς
668 1866 756 1906 nulltsls
770 1865 792 1903 Ε
798 1867 816 1907 1.
830 1866 849 1908 2.
863 1866 884 1908 6.
898 1867 917 1907 l.
931 1867 951 1908 a,
1006 1868 1029 1914 u)
1042 1867 1143 1916 pipinum
1158 1867 1210 1917 ⁸45
1226 1866 1342 1917 plplnnum
1358 1866 1406 1909 121.

283 1921 307 1966 v)
321 1918 371 1958 Post
381 1915 463 1972 solium
477 1919 582 1959 amima
595 1921 682 1958 danao
697 1920 796 1968 incipit
810 1919 856 1961 Bl.
897 1921 928 1966 w)
941 1916 970 1959 de
984 1921 1194 1970 eomtsutlnopoltm
1209 1919 1286 1963 ΗΞ,
1327 1919 1351 1970 ι)
1365 1931 1406 1970 par

283 1972 330 2020 t't;
344 1982 385 2021 per
397 1982 454 2014 corr.
469 1984 509 2022 pro
524 1972 565 2016 ct.
647 1975 671 2025 y)
685 1973 743 2012 ullus
758 1972 800 2013 el.
815 1972 839 2020 23
855 1972 900 2011 ullo
914 1973 956 2014 03.
971 1972 1018 2015 Dl.
1107 1972 1128 2022 z)
1142 1973 1241 2013 exercitu
1256 1972 1302 2012 El.
1317 1973 1336 2016 t.
1351 1974 1371 2016 3.
1386 1975 1405 2016 l.

282 2025 305 2076 a)
320 2025 459 2066 interirent
474 2027 501 2069 D.
515 2027 540 2068 E.
595 2025 618 2074 b)
631 2036 698 2075 super
712 2026 733 2064 Ε
739 2026 798 2067 1-7.
854 2028 874 2075 e)
889 2026 1015 2076 promatis·
1029 2026 1072 2069 Gt.
1089 2026 1111 2065 D
1121 2028 1139 2068 l.
1154 2026 1199 2069 Et.
1212 2028 1232 2068 e.

391 2169 417 2236 1)
437 2168 480 2231 Cf.
497 2167 559 2222 Tac.
573 2167 644 2220 Ana.
657 2167 698 2232 ΙΙ,
712 2169 743 2221 7:
763 2165 911 2221 Castellum
924 2165 1030 2234 Lupiae
1043 2165 1149 2219 flumini
1161 2167 1316 2235 adpositum
1329 2168 1403 2237 (la).

282 2239 311 2308 2)
331 2238 392 2289 Hae
404 2238 557 2306 pestilentia
581 2239 736 2306 superstitio
759 2239 891 2306 gnosum
908 2241 1038 2292 comitato
1057 2244 1102 2302 est,
1127 2255 1194 2305 quoe
1210 2256 1260 2306 per
1278 2255 1404 2304 naamam

279 2316 386 2377 parton
411 2310 520 2376 imperii
539 2314 696 2377 propopoto
720 2324 780 2360 oum
804 2311 833 2361 in
852 2311 924 2363 Ana.
944 2309 1012 2361 sea.
1031 2327 1056 2363 o.
1074 2311 1135 2364 810.
1158 2316 1182 2362 ot
1200 2312 1230 2361 in
1249 2310 1407 2377 Capitulnri

282 2384 425 2433 missorum
431 2381 739 2448 Aquispraneasiprimo
746 2382 861 2434 eiusdm
870 2381 1071 2449 uani(0opitel.
1078 2381 1239 2446 reparans.
1246 2382 1269 2447 1,
1280 2384 1331 2438 152
1336 2384 1405 2449 sqq.)

282 2469 302 2506 o.
312 2454 330 2506 4
342 2457 560 2503 commmoratur
572 2457 629 2502 tum
641 2451 676 2503 ot
688 2451 832 2517 Apotorde
841 2453 1016 2518 aequomst
1026 2451 1223 2520 archiepiscopo
1231 2455 1405 2518 (ala-840)

282 2525 312 2574 in
339 2523 408 2574 libro
433 2525 530 2575 eontra
554 2521 684 2574 insulsam
716 2523 792 2592 vulgi
822 2522 980 2592 opinionem
1005 2522 1040 2575 de
1065 2521 1197 2592 grandine
1223 2527 1252 2577 et
1277 2523 1404 2576 tonitruis

282 2596 429 2661 commilito
446 2596 575 2645 semime
593 2596 770 2662 vituperetur.
806 2595 890 2647 Gaius
907 2594 973 2646 libri
988 2610 1047 2646 eam
1064 2600 1177 2661 parton,
1195 2609 1264 2661 quoe
1281 2596 1319 2646 od
1336 2595 1405 2646 bone

283 2681 338 2716 rem
352 2666 468 2730 pertinet
487 2665 527 2729 (S.
541 2665 681 2730 Apobordi
698 2667 774 2733 ῳίεο.
794 2666 850 2720 scel.
864 2666 950 2731 Laod.
970 2680 1060 2731 opera
1082 2665 1121 2720 sd.
1140 2665 1273 2732 Papirius
1284 2666 1403 2730 Messon,

282 2737 372 2789 Poris.
394 2738 471 2800 1605,
494 2752 524 2802 p.
539 2739 590 2791 156
599 2752 637 2802 sq.
660 2761 690 2779 =
713 2739 838 2789 Mercibus
858 2736 985 2790 aeliota.
1004 2743 1051 2790 oet.
1067 2741 1188 2802 potonem,
1215 2736 1303 2802 Lupd.
1326 2738 1403 2801 1677,

283 2807 360 2870 XIV,
378 2825 405 2874 p.
418 2809 472 2862 274
480 2823 518 2873 aq.
531 2823 550 2861 e.
564 2809 618 2871 16),
636 2823 696 2859 oum
714 2808 782 2859 alibi
798 2810 827 2859 in
846 2809 965 2860 Monam.
986 2808 1076 2859 Gema
1094 2822 1147 2858 aon
1165 2809 1329 2874 invadetur,
1357 2808 1404 2859 lroo
1446 2836 1448 2840 ·

283 2879 335 2929 lere
353 2878 428 2930 liceat
446 2878 585 2930 exhibere:

390 2949 463 3001 Ante
481 2948 531 3000 hos
549 2965 651 3018 paucos
669 2965 755 3001 annos
774 2948 948 3002 disseminata
966 2951 1008 3001 est
1031 2945 1165 3015 quaedam
1188 2948 1313 3015 stultitia,
1339 2965 1401 3001 cunr

282 3025 353 3072 esset
378 3019 529 3072 mortalitas
553 3019 650 3088 boum,
676 3024 708 3071 ut
732 3018 854 3072 dicerent
872 3017 1045 3072 Grimsldum
1064 3017 1162 3071 ducem
1180 3017 1401 3072 Beneventorum

282 3094 317 3155 (n.
332 3092 411 3154 infra
423 3108 448 3146 a.
458 3093 533 3155 812.)
551 3089 732 3143 transmisisse
744 3089 868 3143 homines
887 3107 949 3142 eum
969 3089 1135 3158 pulveribus,
1155 3106 1223 3157 quos
1241 3096 1403 3158 spargerent

282 3177 332 3228 per·
350 3177 459 3230 campos
478 3166 505 3214 et
523 3167 638 3230 montes,
657 3166 738 3231 prata
756 3165 785 3215 et
803 3161 900 3226 lentes,
920 3178 953 3214 eo
972 3161 1045 3229 quod
1058 3165 1128 3214 esset
1141 3161 1265 3214 inimicus
1277 3160 1401 3215 christia-

281 3230 391 3284 nissimo
417 3232 574 3300 imperatori
594 3232 708 3300 (larolo,
738 3237 765 3285 et
793 3231 827 3285 de
855 3231 913 3299 ipso
941 3249 1035 3299 sparso
1063 3232 1177 3300 pulvere
1205 3231 1274 3284 mori
1302 3233 1401 3298 boves;

283 3309 494 3370 propterquam
513 3321 620 3356 eausam
646 3305 748 3356 multos
773 3303 982 3372 conlprehensos
1009 3302 1162 3355 audivimus
1188 3307 1216 3356 et
1238 3302 1355 3355 vidimus
1373 3307 1402 3357 et

281 3373 384 3440 aliquos
402 3374 512 3439 occisos,
531 3375 675 3442 plerosque
694 3379 786 3428 sutem
806 3372 902 3426 affixos
922 3373 1021 3426 tabulis
1040 3373 1068 3424 in
1087 3372 1189 3425 flumen
1205 3374 1341 3441 proiectos
1361 3380 1401 3427 at-

280 3459 333 3512 que
353 3449 470 3499 necatos.
500 3443 536 3497 nt
555 3445 628 3513 quod
647 3446 747 3498 mirum
765 3444 845 3498 valde
865 3448 913 3512 est,
932 3443 1121 3512 eenrprebensi
1141 3443 1191 3512 ipsi
1210 3443 1352 3496 adversum
1372 3463 1400 3498 se

280 3514 409 3567 «licebant
433 3515 634 3583 testimenium,
661 3517 764 3569 habere
789 3533 817 3569 se
843 3515 926 3568 talem
954 3516 1095 3582 pulverem
1122 3519 1150 3566 et
1174 3530 1310 3583 spargere.
1356 3515 1401 3568 Ita

280 3603 397 3653 namque
416 3585 539 3639 diabolus
558 3588 666 3640 occulte
687 3590 714 3640 et
732 3588 802 3640 iusto
815 3586 867 3639 Dei
886 3585 986 3638 iudicio
1006 3588 1120 3653 accepta
1138 3585 1166 3636 in
1185 3585 1246 3638 illos
1264 3591 1399 3652 potestate

280 3661 387 3710 tantum
408 3656 446 3709 eis
471 3657 616 3712 succedere
642 3658 766 3724 valebat,
794 3662 825 3710 ut
849 3656 901 3725 ipsi
924 3657 975 3710 sibi
1001 3661 1090 3710 essent
1117 3660 1199 3708 testes
1228 3655 1337 3710 fallaces
1366 3656 1399 3708 ad

280 3732 409 3793 mortsm3
430 3732 458 3782 et
471 3745 558 3796 neque
578 3728 720 3796 disciplina
738 3745 827 3797 neque
845 3732 952 3781 tortura
970 3744 1059 3795 neque
1078 3727 1137 3794 ipsa
1156 3743 1228 3779 mors
1242 3726 1400 3780 deterrebat

279 3798 348 3866 illos,
368 3805 399 3852 ut
416 3799 558 3853 adversum
579 3800 737 3867 semetipsos
755 3799 854 3853 salsum
873 3799 965 3852 dicere
984 3815 1038 3852 non
1059 3797 1198 3852 auderent.
1229 3797 1289 3851 Hoc
1308 3798 1346 3850 ita
1365 3799 1399 3850 ab

280 3871 406 3923 omnibns
424 3870 595 3935 credebatur,
614 3875 645 3922 ut
664 3887 733 3938 pene
752 3871 948 3938 pancionem,
968 3870 1065 3939 quibus
1084 3867 1306 3921 alnurdissimum
1326 3868 1399 3921 vide·

280 3946 362 3999 retur,
391 3941 450 3995 Nee
468 3940 559 4006 (Haeo
578 3944 614 3994 ed.
632 3945 735 4010 princ.)
753 3941 953 3994 rationabiliter
970 3941 1131 4009 pensabant,
1151 3938 1222 3991 unde
1236 3937 1295 3991 lieri
1309 3944 1400 4007 posset

280 4011 341 4063 talis
359 4011 455 4079 pulvis,
481 4011 515 4064 de
541 4028 594 4078 quo
613 4011 664 4064 soli
682 4013 766 4066 boves
784 4019 969 4078 morerentur,
994 4028 1050 4065 non
1069 4015 1177 4064 caetera
1196 4010 1332 4076 animalia,
1352 4016 1400 4062 aut

279 4081 416 4149 quomodo
435 4082 539 4150 portari
556 4087 648 4150 posset
665 4100 716 4151 per
728 4088 785 4136 tarn
802 4082 945 4136 latissimas
957 4083 1091 4153 regiones,
1111 4098 1177 4149 quas
1189 4095 1399 4150 superspargere

281 4153 436 4220 pulveribus
455 4152 578 4206 homines
596 4170 652 4206 non
671 4156 793 4222 possunt,
818 4171 869 4208 nee
888 4153 910 4206 si
929 4153 991 4223 (sibi
1017 4156 1103 4217 editt.)
1127 4151 1324 4217 Beneventani,
1347 4152 1398 4203 viri

281 4228 308 4276 et
326 4223 451 4288 feminae,
469 4241 546 4276 senes
558 4227 586 4276 et
604 4223 723 4292 iuvenes,
743 4241 804 4279 eum
824 4225 907 4277 ternis
927 4226 1010 4277 carris
1022 4225 1136 4292 pulvere
1148 4222 1286 4275 carricatis
1299 4222 1398 4291 egressi

280 4294 314 4347 de
339 4296 450 4363 regione
476 4294 596 4350 fussent.
634 4295 724 4349 Teuta
742 4296 796 4347 iam
816 4295 931 4348 stultitia
949 4296 1084 4364 oppressit
1107 4294 1237 4346 miserum
1257 4293 1397 4358 mnndum,

281 4370 310 4417 ut
329 4379 400 4418 nune
418 4365 456 4417 sic
475 4365 591 4418 absurde
610 4383 653 4420 rea
671 4366 817 4420 credantur
835 4384 852 4419 a
869 4366 1030 4432 christianis,
1049 4366 1142 4434 quales
1160 4382 1299 4432 nunquam
1317 4370 1398 4416 antea
