3030 4944
286 444 337 516 ras
479 443 801 515 anastasianam
820 457 1069 516 ranucoauu.
1106 457 1213 516 asos.

390 642 579 724 Postquam
612 641 804 705 Ardaliusr
838 661 897 705 rex
928 640 1323 706 Nordanhumbrorum⁸
1359 663 1407 706 re·

284 729 409 794 ductus
434 733 487 794 est
510 729 546 793 in
570 749 716 813 regnum
740 750 841 792 suum
865 733 901 794 et
924 728 1032 814 legati
1055 730 1273 814 imperatoris
1304 733 1409 812 atque

284 817 458 902 pontificis
480 818 609 882 reversi
632 821 722 894 sunt,
754 838 843 881 unus
867 839 908 882 ex
932 819 991 895 eis,
1016 817 1202 882 Aldulfust
1232 819 1407 894 diaconus

283 926 304 970 a
334 906 455 990 piratis
491 910 614 990 oaptus
647 911 715 993 est,
753 906 876 971 ceteris
886 912 901 942 ¹¹
943 907 1017 970 sine
1059 906 1213 991 periculo
1249 907 1433 972 traicien·,

283 995 392 1070 tibus,
424 995 618 1078 ductusque
648 995 691 1059 ab
716 995 824 1059 eisin
850 994 1081 1058 Brittaniamv
1109 1015 1129 1058 a
1153 996 1303 1079 quodam
1328 993 1407 1060 Coe·

284 1082 368 1146 nulfi
381 1088 403 1119 w
444 1083 561 1167 regis¹
600 1083 740 1147 homine
781 1083 981 1167 redemptus
1017 1086 1070 1148 est
1111 1083 1323 1166 Romamque
1360 1103 1407 1147 re·

283 1191 400 1236 versus
413 1177 442 1233 ³¹.

374 1260 415 1323 In
439 1259 564 1324 Tuscia
588 1257 819 1343 Populonium
851 1259 973 1324 civitas
1002 1259 1198 1323 maritima²
1226 1281 1247 1323 a
1275 1258 1404 1335 Grecis,

283 1348 343 1431 qui
359 1347 602 1413 Orobiotaei·3
617 1351 794 1424 vocantur,
813 1348 1025 1432 depraedata
1041 1351 1104 1413 est.
1139 1347 1254 1411 Mauri
1270 1369 1406 1431 quoque

191 1461 247 1512 nr,
255 1463 273 1503 r.
284 1436 326 1500 de
355 1436 526 1520 Hispania
550 1435 725 1501 Corsicam
755 1435 901 1520 ingressi
929 1436 968 1499 in
996 1437 1071 1520 ipso
1101 1439 1222 1500 sanoto
1252 1437 1406 1520 paschali

282 1524 427 1589 sabbato
458 1525 635 1590 civitatem
666 1524 839 1608 quandam
871 1524 1090 1609 diripuerunt
1113 1527 1149 1588 et
1172 1527 1309 1608 praeter
1340 1525 1406 1608 epi·

283 1633 425 1697 scopum
449 1633 489 1678 ao
514 1633 641 1696 paucos
665 1633 763 1678 senes
788 1616 892 1695 atque
915 1613 1070 1678 infirmos
1093 1612 1182 1676 nihii
1206 1613 1240 1676 in
1267 1632 1308 1678 ea
1331 1613 1406 1678 reli-

283 1704 443 1785 querunt.
1177 1743 1180 1749 -

390 1789 531 1854 Interea
547 1787 779 1854 Godofridus²
797 1809 857 1853 rex
874 1788 1052 1853 Danorum
1069 1810 1130 1874 per
1147 1790 1402 1873 negotiatores³

282 1878 449 1961 quosdam
473 1877 660 1954 mandavit,
686 1898 721 1943 se
745 1878 892 1955 audisse,
917 1878 1010 1960 quod
1029 1878 1217 1961 imperator
1234 1877 1266 1941 ei
1281 1878 1406 1941 fuisset

282 1967 408 2048 iratus,
439 1959 500 2031 eob
536 1967 627 2050 quod
658 1967 694 2029 in
724 1966 913 2040 Abodritos
948 1970 1059 2030 anno⁰
1095 1965 1270 2050 superiore
1306 1966 1405 2029 duxit

282 2055 471 2120 exercitum
506 2058 542 2119 et
572 2074 651 2119 suas
682 2054 778 2118 ultus
809 2058 862 2119 est
892 2053 1051 2131 iniurias,
1087 2054 1218 2118 addens
1248 2053 1338 2119 velle
1368 2074 1404 2118 se

282 2163 429 2227 purgare
460 2143 503 2207 ab
540 2164 594 2218 eo,
626 2143 718 2226 quod
742 2142 773 2207 ei
805 2143 1036 2219 obiciebatur;
1072 2137 1252 2207 foederis‘¹
1290 2143 1404 2224 inrup-

281 2231 432 2295 tionem⁶
453 2231 496 2296 ab
513 2230 583 2295 illis
600 2224 732 2315 primos
750 2231 858 2295 fuisse
875 2231 1083 2295 inchoatam.
1123 2230 1271 2295 Petebat
1288 2231 1402 2306 etiam,

281 2323 322 2383 ut
345 2322 535 2385 conventus
559 2319 725 2385 comitum
755 2320 971 2404 imperatoris
1002 2323 1106 2402 atque
1137 2338 1276 2382 suorum
1306 2319 1404 2382 iuxta

280 2409 447 2472 terminos
476 2408 576 2491 regni
608 2408 662 2470 sui
685 2410 782 2471 trans
805 2406 946 2471 Albine
974 2407 1087 2479 fieret,
1119 2407 1156 2470 in
1186 2427 1254 2489 quo
1277 2427 1332 2471 res
1355 2407 1403 2469 in-

280 2496 390 2560 vicem
414 2500 532 2579 gestae
556 2496 703 2578 proferri
727 2499 762 2582 et
786 2495 1027 2560 emendatione
1051 2494 1157 2579 digna
1180 2495 1273 2558 inter
1288 2498 1404 2579 partes

281 2585 475 2648 enumerari
492 2584 696 2668 potuissent.
724 2584 804 2648 Non
820 2584 944 2648 abnuit
960 2585 1162 2667 imperatam
1181 2581 1402 2666 colloquium·

281 2664 367 2757 queh
403 2675 498 2736 trans
522 2672 663 2737 Albium
693 2673 854 2737 habitum
884 2692 962 2736 oum
993 2671 1201 2756 primoribus
1225 2670 1403 2735 Danorurn

280 2759 316 2823 in
348 2759 433 2836 loco,
470 2761 530 2844 qui
560 2756 712 2824 dieitur*
736 2807 744 2822 .
770 2807 777 2822 .
804 2805 811 2820 .
837 2753 889 2836 .¹,
926 2759 1113 2843 multisque
1144 2759 1225 2824 hino
1256 2763 1292 2824 ot
1322 2760 1403 2824 inde

281 2847 426 2932 prolatis
450 2852 554 2931 atque
578 2849 787 2914 enumeratis
811 2849 914 2914 rebus
944 2849 1084 2932 negotio
1108 2849 1247 2931 penitus
1270 2848 1403 2912 infecto

281 2936 468 3001 discessum
499 2940 561 3002 est.
613 2930 787 3001 ahrascok
806 2957 898 3022 *vero
928 2937 998 3000 dux
1021 2936 1281 3011 abodritorum,
1313 2940 1402 3020 post·

280 3045 383 3107 quam
414 3024 524 3089 fllium
556 3045 656 3089 suum
687 3024 879 3109 postulanti
910 3017 1120 3090 Godofrido¹
1158 3023 1312 3089 obsidem
1349 3024 1403 3089 de·

280 3112 389 3187 derat,
415 3112 563 3178 collecta
587 3112 805 3196 popularium
830 3134 935 3176 manu
959 3116 995 3177 et
1018 3111 1147 3176 auxilio
1172 3111 1403 3177 aSaxonibus

387 3300 411 3368 *)
430 3299 521 3356 Malao
540 3303 603 3355 aad.
622 3303 691 3365 B4,·
708 3300 884 3356 Badenfliot⁴
903 3302 938 3356 D.
951 3299 986 3357 Ε.

439 3461 485 3502 Bi.
498 3460 569 3511 (au.
584 3462 626 3502 ci.
640 3461 660 3504 2.
673 3461 693 3504 t.
707 3460 755 3501 Dl.
768 3461 807 3513 (t.)
820 3456 900 3504 itm.
915 3461 935 3502 2.
950 3461 969 3503 ³.
982 3461 1011 3511 (4.
1024 3457 1056 3510 t.)
1070 3462 1089 3503 8.
1105 3461 1124 3500 i.
1139 3458 1158 3502 9.

280 3512 299 3562 r)
320 3513 435 3553 eardulfus
449 3513 495 3556 Bt.
509 3513 561 3566 DQ
582 3513 700 3554 harduin·
714 3513 762 3562 Οὓς
781 3511 906 3563 ardulphus
927 3512 972 3555 Et.
1053 3509 1072 3564 a)
1086 3510 1240 3554 nordanimbr.
1255 3512 1301 3551 Bt.
1317 3513 1364 3552 Bt.
1380 3514 1403 3559 i:

279 3566 444 3608 nordanhunbr.
459 3566 505 3609 Bt.
520 3568 562 3609 cl.
576 3567 600 3615 ῖς
614 3567 786 3608 nordanhumbr.
800 3566 822 3605 D
831 3570 853 3617 1;
872 3565 1029 3610 nordanumbr.
1045 3566 1096 3615 DQ
1116 3563 1335 3606 nordanhumborum
1351 3565 1404 3608 11³:

278 3617 482 3661 nordmutham.
537 3622 554 3667 t)
568 3617 657 3659 aduitus
671 3620 717 3663 Bt.
732 3619 781 3662 Ed:
795 3617 897 3660 andnima
911 3619 957 3662 Bt.
970 3619 1019 3663 ΠΒ.
1033 3620 1084 3666 En
1098 3619 1211 3659 haldulfus
1225 3618 1244 3656 C
1253 3617 1277 3659 ³:
1291 3616 1402 3667 adolphus

278 3671 328 3716 1¹1³:
343 3683 361 3713 a
377 3672 516 3712 uidelicet
530 3670 588 3715 dita
604 3673 629 3715 Ε.
690 3673 714 3723 u)
727 3673 823 3713 euteria
838 3673 886 3714 DS.
899 3671 945 3714 at.
959 3673 978 3716 t.
993 3673 1013 3713 8.
1028 3674 1047 3716 9.
1102 3670 1126 3722 v)
1140 3671 1286 3712 brittanniam
1300 3670 1345 3713 at.
1360 3670 1402 3713 0³.

279 3723 323 3767 Et.
337 3724 361 3773 ὃς
382 3725 511 3765 brittaniam
526 3726 573 3774 Gt:
594 3725 715 3766 britaniam
736 3725 786 3773 Εἲς
806 3724 916 3766 brittania
930 3723 969 3765 Bt
1059 3722 1366 3774 w)esuu1a31.ca.·a’t.
1383 3724 1402 3766 t.

278 3776 302 3828 x)
315 3787 418 3818 reversus
433 3783 468 3818 aat
481 3779 527 3820 Bi.
542 3778 585 3821 08.
656 3778 680 3828 y)
695 3778 796 3819 orobitae
810 3779 857 3818 122.
870 3777 923 3818 Et:
937 3778 1038 3818 orobiote
1052 3778 1098 3817 ⁸4.
1115 3777 1164 3818 111.
1179 3777 1230 3826 ΕΠ
1243 3776 1344 3816 oroboita
1359 3776 1403 3819 Gt.

277 3830 299 3880 a)
311 3828 398 3880 godetr.
415 3831 460 3874 Bt.
475 3830 517 3874 Gt.
532 3830 578 3872 Et.
593 3831 618 3878 ὃς
632 3832 699 3880 gotis.
712 3831 758 3873 at.
830 3835 853 3879 a)
866 3840 944 3880 negot.
958 3830 1004 3870 Bt.
1020 3832 1064 3870 cl.
1079 3831 1124 3873 Et.
1139 3833 1157 3873 7.
1235 3830 1258 3876 b)
1273 3840 1321 3879 pro
1336 3839 1362 3868 eo
1377 3830 1402 3872 Ε.

278 3885 523 3933 usstandandam
537 3884 583 3929 Et.
597 3883 619 3925 ὅ.
691 3881 715 3934 d)
730 3881 813 3924 iader-ia
828 3884 872 3924 (78.
887 3883 938 3931 ΕΠ
952 3880 1034 3924 federis
1048 3883 1095 3926 Bt.
1108 3884 1129 3922 6.
1205 3885 1227 3930 ο)
1241 3883 1279 3924 irr.
1294 3882 1340 3924 Bt.
1354 3882 1402 3924 m.

279 3935 323 3978 Bt.
337 3938 357 3978 6.
372 3938 389 3978 7.
463 3938 523 3984 stab
537 3937 576 3977 iilo
590 3937 668 3986 primia
682 3936 709 3978 B.
725 3939 746 3980 C.
761 3937 788 3980 1).
802 3937 832 3988 Ε;
846 3939 875 3978 ab
889 3937 928 3976 iiio
942 3937 1045 3986 primitus
1059 3936 1106 3983 ct:
1120 3937 1149 3976 ab
1163 3937 1195 3975 eia
1211 3935 1307 3985 primum
1322 3934 1367 3976 Bt.
1383 3936 1402 3978 t,

277 3991 300 4036 a)
314 3989 396 4028 tibiam
411 3989 456 4032 Bt.
471 3990 522 4033 Ed:
538 3991 668 4030 transalbini
682 3991 725 4033 03.
795 3990 819 4040 h)
833 3991 890 4032 coni.
904 3991 927 4032 C.
988 3991 1004 4037 i)
1018 3989 1104 4040 aliquid
1116 3989 1184 4038 spatii
1198 3999 1289 4027 saeuum
1303 3987 1400 4025 raucam

277 4041 324 4080 Bi.
339 4042 381 4082 cl.
395 4042 416 4081 2.
432 4042 451 4084 ³.
506 4043 530 4092 ir)
545 4047 618 4083 trasco
633 4043 678 4086 Bt.
693 4044 736 4086 03.
751 4043 799 4084 aa.
814 4043 859 4086 ΕΒ.
873 4044 893 4086 6,
948 4043 964 4090 i)
978 4041 1065 4094 godair.
1080 4042 1125 4085 Bt.
1140 4041 1183 4080 (Ὦ.
1201 4042 1246 4084 Et.
1262 4042 1280 4082 a.
1296 4041 1314 4082 i.

386 4201 412 4267 1)
429 4200 569 4266 Coonwulfi
594 4202 667 4267 rapis
689 4201 845 4254 Marcianus
869 4202 1057 4266 ‹tao—mm
1081 4200 1113 4253 de
1137 4215 1191 4267 qao
1214 4200 1249 4263 cf.
1277 4199 1401 4266 Lappen·

277 4269 347 4336 bary,
366 4271 527 4324 ιὑέοεσῖιίοὴὶε
544 4271 694 4338 Επρῑαπάε’
707 4272 731 4338 I,
743 4273 894 4329 ael-235.
966 4272 995 4339 2)
1012 4271 1099 4338 Prope
1115 4272 1244 4340 oppidum
1261 4269 1401 4320 Piombirw

277 4342 413 4406 ereptant
432 4342 504 4394 noae
521 4342 636 4396 emta.
744 4344 772 4410 8)
785 4339 942 4410 Ὀροβιῶται
960 4344 993 4406 (t'.
1012 4358 1034 4398 a.
1052 4343 1182 4394 montium
1208 4341 1314 4393 incolae.
1347 4339 1399 4402 11).

276 4411 303 4473 4)
324 4411 467 4476 Beiatfiett
486 4414 523 4464 ad
541 4414 653 4477 fluvium
672 4413 752 4476 sata·
770 4413 877 4466 Simeon
893 4414 955 4468 401.
