3000 4950
377 425 560 484 ANNALES
578 425 611 498 Q.
631 425 664 480 D.
684 423 887 482 EINHARDI.
924 424 960 482 Δ.
974 429 1034 482 792.
1045 427 1106 483 793.
1268 429 1304 484 98

181 627 255 682 usu
272 623 422 693 fuisses,
450 612 523 697 ipse
550 610 595 676 ob
624 609 785 675 meritum
810 610 891 675 fidei
915 612 1070 674 servatae
1094 608 1303 675 monasterio

182 701 294 768 suncti
311 693 484 786 Βὶοηγξὶί1
516 701 666 765 donatus
689 703 752 773 est,
781 711 937 766 auctores¹
958 727 1042 764 vero
1062 709 1305 764 coniurationis

182 794 223 857 ut
250 791 302 857 rei
326 788 540 856 maiestatis’
560 800 662 870 partim
687 799 814 871 gladio
840 799 951 866 cassi,
980 787 1106 871 partim
1137 785 1304 871 patibulis

182 879 339 966 suspensi
371 878 416 944 ob
448 878 654 944 meditatum
685 877 796 942 scelus
824 875 889 940 tali
913 881 1023 941 morte
1047 875 1187 940 multati
1211 878 1302 940 sunt.

289 961 384 1018 Rax⁸
408 964 527 1017 autem
552 964 706 1032 propter
724 960 841 1015 bellum
860 976 936 1013 cum
956 958 1060 1013 Hunis
1085 963 1256 1028 susceptum
1275 959 1303 1012 in

183 1051 309 1107 Baioaria
327 1050 446 1106 sedens
465 1050 608 1118 pontem⁴
628 1049 775 1117 navalem,
794 1064 857 1118 quo
876 1047 903 1100 in
917 1047 1043 1103 Danubio
1059 1037 1103 1101 ud
1119 1036 1156 1100 id
1172 1034 1302 1099 bellum

184 1127 368 1190 uteretur,
399 1120 621 1176 aedificavit
649 1120 762 1189 ibique
789 1121 909 1174 natalem
937 1118 1049 1173 Domini
1078 1125 1112 1173 et
1139 1124 1304 1173 sanctum

182 1193 284 1263 pascha
302 1193 460 1250 celebravit.

705 1332 781 1405 793.

290 1457 469 1516 DOGXOIII.
506 1444 593 1512 Cum
610 1467 669 1511 rex
685 1445 814 1511 bellum
833 1467 853 1510 a
869 1467 905 1511 se
919 1447 1121 1512 inchoatum
1138 1449 1306 1514 conficere

185 1542 327 1622 cuperet
342 1541 378 1602 et
393 1535 608 1601 Pannoniam
624 1535 749 1600 iterum
767 1538 885 1620 petere
902 1535 1136 1620 disposuisset,
1160 1536 1306 1601 allatum

185 1628 238 1691 est
261 1626 395 1711 copias,
426 1645 512 1709 quius
534 1624 789 1690 Theodericus⁸
817 1644 930 1689 comes
953 1645 1015 1708 per
1038 1625 1182 1690 Frisiam
1208 1627 1307 1691 duce·

186 1713 256 1790 bat,
280 1715 317 1778 in
341 1733 430 1800 pago
454 1706 631 1779 Hriustril
651 1715 749 1777 iuxta
764 1712 938 1777 Wisuram
965 1715 1106 1777 fluvium
1131 1735 1152 1778 u
1168 1713 1307 1778 Saxoni-

186 1802 249 1867 bus
280 1824 353 1869 esse
383 1803 593 1887 interceptas
624 1807 727 1886 atque
765 1801 908 1867 deletas.
962 1800 1069 1867 Cuius
1102 1803 1152 1867 rei
1182 1805 1307 1868 nuntio

186 1896 328 1978 accepto
352 1892 627 1975 magnitudinem
652 1891 769 1955 domni
792 1890 1013 1955 dissimulans
1034 1893 1101 1957 iter
1123 1892 1158 1955 in
1176 1892 1307 1957 Panno·

187 1980 280 2047 niam
302 1981 500 2047 intermisit.

294 2070 339 2135 Dt
363 2091 441 2135 cum
465 2070 497 2134 ei
520 2089 721 2154 persuasum
752 2073 842 2134 esset
866 2090 886 2132 a
909 2069 1132 2153 quibusdam,
1163 2069 1223 2153 qui
1247 2072 1301 2136 idc

187 2158 253 2224 sibi
276 2163 490 2244 compertum
514 2179 587 2224 esse
611 2157 782 2234 dicebant,
807 2158 898 2243 quod
922 2159 951 2222 si
970 2169 1056 2224 inter⁸
1074 2169 1260 2226 Radantinnd
1281 2177 1308 2226 el

187 2258 372 2314 summme
400 2259 518 2314 fluviosr
548 2248 716 2313 eiusmodi
744 2247 835 2311 fossa
868 2246 1068 2321 (luceretur,
1100 2268 1187 2332 quae
1218 2254 1308 2315 esset

189 2338 326 2401 navium
354 2357 477 2422 capax,
516 2356 615 2423 posse
643 2337 882 2421 percommode
909 2356 929 2400 a
959 2335 1122 2401 Danubio
1152 2338 1186 2400 in
1219 2339 1306 2402 Rhe-

188 2431 294 2489 num‘
323 2427 492 2511 navigari,
530 2426 611 2509 quia
641 2426 763 2489 horum
794 2425 975 2489 fluviorum
1011 2424 1100 2490 alter
1130 2425 1303 2503 Danubio,

189 2509 304 2580 alterh
342 2508 485 2580 Moeno¹
528 2515 707 2590 miscetur,
744 2514 927 2579 confestim
963 2535 1042 2578 oum
1081 2515 1174 2579 omni
1210 2517 1310 2580 comi·

188 2607 266 2668 tatu
305 2625 367 2668 suo
402 2603 446 2670 ad
481 2603 594 2669 locum
631 2604 728 2669 uenit
761 2624 802 2668 ac
837 2608 963 2689 magna
990 2603 1168 2667 hominum
1197 2605 1309 2669 multi·

190 2694 312 2758 tudine
335 2699 546 2777 congregata
560 2696 674 2757 totum
691 2704 823 2759 autumni
841 2708 963 2774 tempus
978 2693 1015 2756 in
1039 2713 1079 2758 eo
1103 2713 1206 2777 opere
1235 2714 1310 2759 oon-

189 2783 346 2867 sumpsit.
396 2793 497 2848 Ducla
527 2797 568 2848 est
592 2792 744 2862 itaque¹¹
774 2793 846 2848 fossa
872 2793 944 2848 inter
970 2792 1186 2864 praedictos
1214 2794 1311 2850 fluvios

192 2871 298 2935 duum
311 2871 445 2935 milium
459 2891 619 2955 passuum
633 2870 862 2955 longitudine,
876 2870 1063 2935 latitudine
1076 2875 1309 2936 trecentorum

193 2961 335 3045 pedum;
360 2961 480 3026 sedin
505 2980 648 3024 cassum.
695 2960 784 3024 Nam
810 2963 951 3045 propter
974 2961 1071 3044 iuges
1095 2959 1252 3044 pluvias⁶
1276 2966 1311 3025 et

192 3054 334 3125 terram,
365 3069 453 3133 quae
477 3042 657 3134 palustris¹
689 3053 773 3126 erat,
805 3049 911 3113 nimio
936 3051 1080 3113 humore
1104 3049 1312 3116 naturaliter

192 3137 388 3204 infectamm
412 3158 509 3222 opus,
534 3137 626 3221 qnod
650 3137 765 3214 flebat,
790 3139 978 3204 consistere
1002 3159 1071 3202 non
1096 3140 1226 3222 potuit;
1252 3140 1312 3206 sed

192 3231 359 3311 quantum
394 3227 548 3291 interdiu
582 3231 695 3292 terrae
725 3248 745 3291 a
772 3227 963 3292 fossoribus
991 3227 1108 3291 fuerat
1144 3231 1311 3314 egestum,

192 3319 330 3380 tontum
353 3315 513 3380 noctibus
538 3316 642 3380 humo
665 3316 792 3381 iterum
816 3316 852 3380 in
876 3314 990 3381 locum
1014 3336 1114 3380 suum
1132 3317 1311 3382 relabente

192 3404 403 3470 subsidebat.

354 3578 378 3620 Ε.
386 3581 404 3621 1.
418 3578 438 3620 2.
451 3577 471 3621 3.
484 3580 513 3631 (4.
522 3577 550 3621 ul
563 3580 583 3622 li.
598 3580 616 3622 7.
630 3579 667 3627 (b.)

192 3631 209 3680 ί)
223 3629 317 3682 dyoulail
331 3631 351 3675 2.
367 3633 390 3681 ⁷3
405 3629 493 3675 dlonlsll
507 3632 528 3674 8.
541 3634 560 3675 6.

299 3684 345 3728 lab.
371 3688 394 3732 a)
408 3683 551 3729 theodoricus
565 3684 589 3735 2;
605 3683 690 3728 laudor.
704 3682 728 3734 ⁸3
748 3683 911 3729 theodricus&
966 3687 988 3735 b)
1003 3686 1069 3727 nutri
1084 3689 1103 3730 6.
1157 3690 1178 3737 a)
1192 3687 1245 3737 quid
1261 3692 1279 3736 1,
1292 3691 1313 3735 2,

193 3737 217 3785 d)
237 3738 340 3778 maanus
361 3741 378 3780 1.
400 3739 419 3782 2.
500 3741 522 3785 s)
542 3739 666 3778 alonsonnm
686 3738 757 3788 1-t;
779 3739 897 3779 altmonam
919 3739 943 3790 ⁶3
965 3740 1102 3781 alaruouesm
1124 3743 1148 3789 ῖς
1170 3742 1272 3782 alcmona
1292 3743 1312 3787 8.

192 3787 211 3840 i)
225 3791 305 3830 fluuius
321 3795 338 3834 1.
352 3790 372 3834 2.
425 3799 450 3844 g)
465 3802 542 3831 renum
556 3793 603 3834 lto
624 3792 643 3834 ῦ.
698 3791 792 3841 iudom
809 3792 855 3837 Li.
910 3793 926 3840 ll
941 3795 1013 3833 moino
1023 3794 1042 3838 8.
1097 3795 1315 3846 amputamus).

193 3844 210 3894 l)
224 3845 329 3893 planstris
344 3847 362 3887 ι.
376 3845 397 3888 2.
410 3845 422 3884 8
436 3849 490 3890 (nan
500 3845 530 3893 ὁ).
584 3847 614 3894 sn)
629 3846 712 3886 iniecta
725 3846 745 3889 t.
759 3846 778 3888 l.

302 3989 327 4054 1)
347 3988 418 4042 Ana.
440 3987 518 4041 Fuld.
537 3989 602 4043 792:
629 3986 786 4044 auctoribus
812 3988 938 4042 factionis
964 3988 1063 4057 partim
1088 3991 1186 4055 morte,
1211 3989 1313 4059 partim

194 4055 275 4110 exilio
294 4061 323 4112 et
341 4057 473 4111 caecitate
486 4057 629 4112 damnatis.
703 4060 731 4126 2)
743 4059 784 4124 Cf.
798 4061 877 4126 iussu
890 4077 915 4114 a.
928 4063 989 4116 801.
1004 4066 1026 4111 et
1039 4076 1124 4128 urps-a
1136 4077 1163 4117 a.
1173 4061 1226 4116 788
1238 4061 1313 4127 (M).

193 4128 222 4193 3)
243 4128 273 4180 V.
287 4129 357 4184 Kar.
374 4132 425 4184 20:
448 4144 511 4182 cum
538 4134 616 4197 pstor
640 4130 713 4186 bello
739 4134 835 4186 contre
861 4129 959 4183 Hunos
984 4135 1109 4198 suscepto
1134 4130 1161 4183 in
1188 4130 1315 4185 Baioaria

193 4195 335 4254 hiemaret.
443 4203 472 4266 4)
488 4202 560 4256 Anu.
579 4202 658 4255 Fald,
679 4213 725 4267 (τε
740 4201 824 4262 sire.)
837 4204 903 4258 792:
928 4199 1001 4254 Pons
1020 4200 1122 4255 navalis
1141 4202 1168 4254 in
1188 4201 1314 4256 Danubio

194 4267 282 4322 iactus
301 4275 350 4324 est.
458 4273 485 4337 ὁ)
503 4274 574 4327 Anu.
592 4272 661 4326 ste.
682 4283 727 4338 (ε
741 4273 835 4340 Μ.)
848 4275 915 4327 793ι
940 4270 1024 4325 Fossa
1042 4289 1134 4342 araga
1153 4272 1225 4327 iacta
1243 4273 1316 4327 iuter

195 4337 360 4394 Radantiam
379 4345 407 4394 et
425 4341 591 4396 Alemonam
609 4342 716 4399 fluvios.
789 4346 819 4412 d)
838 4344 869 4396 V.
887 4344 965 4408 infru
984 4361 1010 4400 a.
1023 4345 1088 4412 820:
1108 4348 1220 4416 propter
1238 4345 1316 4415 iugoa

194 4410 301 4480 pluvias
319 4417 348 4465 et
365 4428 456 4465 aerem
475 4411 560 4467 nimio
578 4413 695 4470 humore
714 4412 866 4468 resolutum
884 4415 955 4480 (D).
