3030 4944
260 389 312 444 142
450 382 632 440 mutnus
651 381 774 440 REGNI
792 383 1043 447 FRANOORUM.
1079 385 1116 440 Δ.
1124 388 1186 443 815.

196 566 332 634 cratere
367 566 500 632 Maium
535 588 685 633 mensem
722 572 933 654 oportunum
968 570 1208 654 proficiscendi
1246 575 1386 656 tempus

259 655 391 720 adrisit.
428 655 525 722 Tunc
549 653 668 722 omues
684 657 846 722 Saxonici
869 658 1013 723 comites
1036 653 1223 743 om'nesque
1239 660 1385 724 Abodri·

257 749 373 809 torum
404 745 524 830 copiae
557 767 636 810 cum
667 745 784 830 legato
814 747 1032 832 imperatoris
1064 742 1261 825 Baldrico¹‚
1292 749 1386 813 sicut

256 833 388 897 iussum
413 838 497 911 erat,
521 835 567 899 ad
591 834 759 899 auxilium
775 830 962 901 Harioldo¹
985 836 1168 901 ferendum
1191 840 1289 901 trans
1305 837 1385 921 Egi-

258 922 409 986 doramm
432 924 576 987 fluvium
599 925 637 987 in
659 928 787 989 terram
804 923 1107 989 Nordmannornm
1124 926 1292 990 vocabulo
1309 926 1385 989 Sin-

257 1011 374 1075 lendi¹
404 1014 612 1097 perveniunt
645 1019 680 1078 et
703 1013 785 1077 inde
815 1013 964 1098 profecti
988 1015 1136 1098 septimo
1159 1016 1301 1078 tandem
1326 1015 1384 1079 die

256 1101 294 1162 in
317 1101 403 1175 loco,
429 1102 488 1184 qui
512 1101 641 1165 dicitur
658 1148 665 1163 .
685 1148 691 1164 .
711 1152 717 1175 ,
741 1102 779 1165 in
803 1102 905 1167 litore
929 1103 1050 1167 oceani
1073 1107 1186 1167 castra
1209 1108 1382 1186 ponuntr.

258 1189 381 1273 Ibique
405 1191 542 1255 stativis
564 1191 682 1254 triduo
706 1190 845 1269 habitis,
871 1212 950 1257 cum
973 1191 1057 1255 filii⁰
1079 1190 1297 1268 Godofridiv,
1322 1194 1384 1276 qui

257 1283 379 1342 contra
408 1299 466 1344 eos
496 1279 631 1361 magnis
655 1280 762 1364 copiis
793 1283 829 1344 et
853 1280 1081 1345 ducentarum
1108 1281 1248 1345 navium
1273 1281 1384 1347 classe

258 1371 466 1451 conparataq
500 1367 533 1431 in
565 1367 681 1432 insula
710 1369 883 1450 quadam²
911 1369 1024 1433 tribus
1053 1369 1194 1434 milibus
1224 1392 1245 1434 a
1275 1372 1384 1436 conti-

256 1457 355 1520 nenti
378 1459 539 1540 separata
560 1456 769 1533 residebant,
802 1478 881 1522 cum
905 1460 953 1523 eis
977 1459 1165 1542 congredi⁸
1187 1480 1256 1523 non
1281 1461 1384 1525 aude·

255 1549 348 1622 rent,
389 1546 534 1610 vastatis
569 1546 834 1629 circumquaque
869 1547 991 1611 vicinis
1026 1548 1125 1632 pagis
1159 1552 1196 1613 et
1229 1551 1383 1633 acceptis

257 1634 476 1719 popularium
507 1634 684 1699 obsidibus
708 1634 771 1698 XL
799 1636 844 1699 ad
868 1637 1110 1719 imperatorem
1135 1638 1171 1700 in
1196 1637 1382 1701 Saxoniam

153 1744 247 1794 (nm.)
256 1725 384 1788 reversi
407 1726 499 1787 sunt.
547 1723 626 1808 Ipse
657 1723 750 1787 enim
780 1727 865 1788 tunc
888 1726 1055 1808 temporis
1078 1725 1115 1788 in
1138 1725 1224 1801 loco,
1249 1727 1310 1809 qui
1333 1727 1382 1790 di·

257 1813 347 1877 citur
379 1812 664 1890 Pcdrebmnnor,
700 1813 897 1896 generalem
931 1813 1053 1898 populi
1087 1815 1141 1877 sui
1171 1818 1380 1879 conventum

256 1901 418 1967 babebat.
456 1899 511 1966 Ibi
535 1904 579 1967 ad
604 1923 683 1968 eum
706 1922 825 1967 omnes
849 1901 1071 1966 orientalium
1091 1903 1292 1968 sclavorum
1315 1905 1382 1988 pri·

256 2012 367 2055 mores
392 1995 428 2057 et
450 1992 558 2076 legati
582 1994 762 2057 venerunt.

363 2081 430 2145 Sed
466 2084 653 2162 antequam
683 2080 768 2143 illuc
799 2080 943 2156 veniret,
979 2080 1015 2144 id
1046 2083 1118 2144 est⁸
1154 2101 1233 2144 cum
1264 2081 1381 2145 adhuc

256 2170 348 2233 domi
372 2174 471 2245 esset,
497 2170 654 2232 adlatum
678 2171 731 2233 est
754 2169 796 2244 ei,
826 2169 993 2250 quosdam
1017 2169 1060 2232 de
1083 2168 1291 2251 primoribus
1314 2169 1380 2232 Ro-

255 2278 434 2321 manorum
458 2258 503 2322 ad
526 2257 804 2322 interficiendum
820 2256 971 2322 Leonem
989 2278 1112 2340 papam
1134 2256 1172 2319 in
1194 2257 1270 2342 ipsa
1291 2258 1380 2323 urbe

255 2346 365 2410 Roma
388 2347 600 2429 conspirasse
616 2366 656 2410 ac
673 2346 808 2421 deinde,
833 2367 912 2409 cum
935 2346 1039 2410 buius
1063 2366 1186 2411 causae
1210 2347 1379 2411 indicium

255 2435 299 2498 ad
323 2435 524 2519 pontificem
547 2442 637 2499 esset
660 2434 826 2510 delatum,
855 2454 973 2498 omnes
996 2434 1092 2498 illius
1115 2435 1278 2500 factionis
1301 2456 1380 2500 auc-

255 2528 347 2590 tores
370 2522 497 2608 ipsiust
518 2523 614 2587 iussu
636 2523 744 2589 luisse
766 2523 970 2588 trucidatos.
1007 2521 1108 2603 Quod
1132 2546 1210 2589 cum
1234 2524 1380 2592 moleste

254 2614 373 2689 ferret,
407 2613 577 2677 ordinatis
612 2617 697 2676 tuno
732 2611 954 2677 Sclavorumu
989 2616 1025 2678 et
1055 2612 1236 2678 Herioldiv
1274 2615 1379 2682 rebus

180 2722 247 2772 (rur.)
255 2703 397 2786 ipsoque
421 2703 457 2766 in
482 2701 631 2765 Saxonis
654 2701 804 2778 dimisso,
836 2723 914 2766 curn
939 2703 983 2765 ad
1008 2702 1298 2766 Franconofurdw
1323 2727 1379 2788 pa·

256 2791 379 2854 latium
409 2792 575 2864 venisset,
608 2789 869 2855 Bernhardum¹
903 2811 1017 2876 regem
1044 2791 1184 2869 Italiae,
1216 2797 1379 2875 nepotem

256 2899 366 2955 suum,
391 2882 449 2962 qui
473 2878 605 2962 etipse
630 2899 708 2942 curn
732 2879 833 2942 eoin
857 2878 1007 2943 Saxonis
1030 2881 1156 2957 fuerat,
1188 2882 1233 2944 ad
1257 2901 1380 2964 cogno·

256 2969 431 3045 scendum,
462 2968 555 3051 quod
586 2967 824 3044 nuntiabatur,
856 2967 1001 3032 Romam
1032 2968 1185 3031 mittity.
1234 2969 1269 3033 Is
1300 2990 1378 3034 curn

254 3056 400 3120 Romam
416 3058 574 3133 venisset,
592 3055 831 3139 aegritudine⁸
853 3056 1029 3133 decubuit,
1046 3076 1100 3121 res
1115 3059 1244 3134 tamen,
1268 3064 1376 3141 quas⁸

256 3148 478 3229 compererat,
507 3166 568 3230 per
592 3142 781 3209 Geroldum
806 3145 967 3210 comitem
976 3145 998 3222 ⁴,
1030 3145 1090 3228 qui
1121 3147 1165 3210 ad
1189 3148 1255 3211 hoc
1279 3147 1311 3211 ei
1334 3148 1380 3213 le·

256 3238 358 3318 gatus
381 3235 497 3298 fuerat
520 3235 637 3309 datus,
669 3233 870 3317 imperatori
893 3233 1082 3298 mandavit.
1129 3233 1240 3314 Quem
1272 3236 1380 3318 legati

256 3323 439 3407 pontificis,
465 3322 638 3387 Iohannes
663 3323 844 3407 episcopus
861 3321 974 3387 Silvae
1000 3323 1190 3389 candidae⁵
1214 3328 1250 3388 et
1272 3324 1380 3389 'Pheo-

416 3529 1033 3584 cr.a.s.(s)1>1.(a)a,n1.t.ambiant.

255 3587 280 3635 k)
293 3584 406 3626 balderico
420 3586 467 3628 bc.
521 3585 537 3634 l)
552 3584 653 3624 bertoldo
668 3585 747 3636 (ἕως
763 3582 864 3625 harialdo
878 3585 926 3628 Da.
980 3583 1011 3634 m)
1026 3585 1141 3626 betdorsm
1156 3587 1198 3628 03.
1253 3585 1278 3634 ιι)
1292 3597 1380 3636 ponun-

256 3645 293 3679 tur
306 3640 355 3680 Dl.
368 3640 413 3682 139.
467 3641 489 3687 o)
503 3637 549 3678 tuo
563 3638 612 3681 121.
626 3638 677 3689 Βῆ
692 3638 785 3678 consilio
800 3637 853 3692 1283
869 3638 920 3678 min
935 3639 980 3681 lca.
994 3639 1014 3682 t.
1029 3641 1048 3681 ¹1,
1102 3643 1126 3689 p)
1139 3640 1224 3689 rodan.
1235 3639 1289 3690 023
1304 3641 1380 3690 confr.

256 3695 309 3744 Μς
324 3693 502 3743 potentat.
565 3691 768 3740 promanat.
783 3691 828 3736 Et.
890 3694 910 3742 r)
923 3690 1084 3743 paderbrunna
1099 3693 1147 3742 08;
1163 3692 1310 3742 padrabunno
1325 3693 1379 3744 121,

255 3747 412 3797 poderbrunno
432 3746 483 3796 Da;
506 3745 611 3795 padrabr.
629 3744 650 3782 ts
657 3748 674 3787 1,
689 3746 709 3785 t.
722 3745 747 3795 9;
770 3745 861 3794 pembr.
882 3746 931 3797 Ε3;
954 3747 1068 3796 patherbr.
1087 3747 1137 3796 1563
1160 3745 1319 3796 padrabrundo
1334 3747 1380 3790 nt.

255 3801 422 3848 adsumat.
465 3799 610 3849 t)illius0.
652 3797 675 3846 ul
685 3799 798 3838 clauorum
808 3798 854 3842 Et.
899 3802 921 3847 v)
936 3797 1152 3841 bertoldicurte
1167 3800 1187 3840 6.
1202 3801 1219 3842 l.
1275 3799 1304 3851 w)
1318 3802 1380 3841 -tord

255 3855 303 3903 ⁰33
318 3851 386 3892 -rrurd
399 3853 449 3903 Ε3;
464 3853 636 3893 franchonofurt
650 3851 699 3892 Db.
752 3851 776 3902 x)
790 3853 881 3896 barcnb.
896 3854 943 3896 Db.
997 3855 1021 3905 y)
1036 3855 1131 3893 mittitur
1145 3854 1170 3896 0.
1183 3853 1230 3895 Db.
1279 3853 1299 3903 s)
1314 3854 1380 3904 cgrit

256 3906 520 3949 cambutta.
575 3904 769 3954 siquenm,

363 4085 389 4149 1)
408 4084 442 4134 ln
460 4083 586 4136 mentali
599 4089 680 4150 porte
697 4084 812 4135 ducam
829 4083 979 4149 Sctlcewr'p.
1058 4083 1088 4152 2)
1107 4083 1212 4135 Fam.
1289 4085 1317 4149 3)
1334 4085 1378 4148 Cf.

259 4157 320 4209 Tac.
335 4156 406 4207 Ana.
421 4155 460 4221 II,
474 4157 523 4210 25:
545 4169 600 4206 non
620 4170 715 4206 ausum
735 4152 864 4222 congredi
883 4152 990 4205 hostem
1009 4154 1083 4219 (M).
1156 4155 1185 4219 4)
1203 4155 1257 4217 Qua·
1273 4156 1380 4206 circiter

254 4227 288 4278 ab
306 4226 510 4293 celtasque
527 4225 564 4276 ad
582 4242 606 4278 a.
620 4227 682 4280 832.
708 4225 844 4277 marchiae
863 4224 990 4277 orientali
1003 4225 1147 4291 praefuit,·
1172 4226 1206 4288 cf.
1228 4225 1378 4292 Dammlcr,

254 4299 314 4350 ‘Dic
337 4298 448 4352 tuddul.
469 4296 595 4348 Markcn'
625 4299 658 4351 19
684 4303 707 4347 ct
734 4296 894 4348 ‘Gcscts'cbtc
918 4296 943 4350 d.
963 4296 1098 4359 ostfrdnlr.
1127 4295 1245 4348 Bcc'cbea'
1267 4295 1307 4362 1¹,
1335 4300 1379 4353 35.

254 4370 282 4438 b)
300 4369 400 4437 oppida
416 4369 491 4420 baud
509 4367 585 4434 lonpc
602 4383 620 4419 a
638 4368 725 4419 Roma
743 4367 780 4419 ad
796 4368 950 4420 occidentem
968 4381 1061 4418 ursus
1078 4367 1134 4422 scs.
