3030 4944
401 367 582 426 aurnuns
600 370 634 443 q,
653 371 686 428 n.
705 371 908 429 manaem.
946 374 981 429 a.
993 378 1053 432 mr.
1065 378 1125 433 rra.
1287 380 1320 434 51

202 564 325 614 norum
349 552 573 636 praefecerat.
622 554 758 621 Idcirco
785 575 845 622 rex
869 561 1009 641 peracto
1033 562 1222 623 memorato
1246 580 1322 623 con·

201 643 308 702 ventu
339 640 375 703 in
407 639 577 706 Gralliam⁸
612 644 786 709 reversus‘
818 657 937 711 natalem
962 656 1074 711 Domini
1098 658 1127 710 in
1145 647 1317 714 Dutciacou

201 721 274 779 villa.
291 723 392 792 pascha
410 725 542 779 veroin
562 726 712 794 Aquitania
730 728 823 797 apud
842 728 1062 783 cassinoilumv
1085 729 1264 785 celebrarit*

724 885 795 958 778.

305 1005 543 1065 DchXXVffl.
581 1008 660 1064 'runc
688 1019 728 1064 ex
759 999 979 1083 persuasione
1009 1000 1178 1085 praedicti
1207 1000 1320 1065 Sarra·

200 1083 276 1146 ceni
307 1104 400 1167 spem
434 1085 680 1170 capiendarum
710 1087 927 1171 quarundam
956 1089 993 1152 in
1024 1088 1214 1172 Hispaniaa
1242 1090 1320 1154 civi·

199 1174 311 1235 tatum
338 1173 433 1237 haud
456 1173 587 1239 frustra
610 1175 807 1261 concipiens
831 1193 1056 1259 congregato
1075 1189 1213 1244 exercitu¹
1235 1207 1319 1259 pro·

200 1270 321 1326 factus
340 1277 394 1327 est
412 1275 614 1345 superatoque²
631 1265 668 1327 in
683 1265 823 1348 regione
839 1265 1051 1330 Wasconum
1069 1275 1198 1346 Pynueit
1221 1279 1318 1349 iugo,

198 1360 314 1428 primo
335 1359 557 1432 Pompelonen'r
582 1352 837 1418 Navarrorum⁰
871 1354 1037 1438 oppidum
1070 1365 1258 1438 adgressus(l
1290 1367 1318 1420 in

198 1449 365 1504 deditionem
386 1451 512 1521 accepit.
558 1440 645 1506 Inde
669 1441 839 1507 Hiberum
863 1462 999 1507 amnem
1023 1443 1111 1507 vado
1135 1443 1319 1508 traiciena³

198 1537 460 1622 Caesaraugustam·
477 1530 699 1614 praecipuam
733 1531 873 1595 illarum
908 1531 1057 1625 partium
1095 1542 1234 1597 civitatem
1262 1560 1318 1598 ac·

197 1617 311 1663 cessit
336 1615 572 1680 acceptisque,
598 1630 686 1682 quos
704 1612 767 1668 Ibin'
786 1615 812 1669 al
831 1615 938 1668 Arabio
960 1618 989 1667 et
1008 1612 1189 1669 Abuthaurf
1211 1630 1317 1683 quos·

197 1715 263 1766 quc
287 1697 353 1752 alii
379 1698 524 1768 quidam
550 1699 694 1755 Sarrsoeni
719 1701 952 1768 obtulerunt,
981 1701 1146 1756 obsidibus
1177 1690 1316 1776 Pompe·

196 1773 311 1839 lonem
334 1776 530 1841 revertitur.
568 1787 677 1855 cuius
699 1798 854 1856 murone,
877 1798 921 1843 ne
938 1777 1106 1844 rebellare
1123 1782 1247 1861 posset,
1272 1780 1317 1844 ed

196 1863 307 1927 solum
330 1884 439 1948 usque
462 1877 612 1931 destruxit
629 1894 668 1932 ac
687 1876 830 1948 regredi
852 1882 1021 1933 statuens
1041 1876 1171 1946 Pyrineib
1194 1879 1316 1933 saltum

195 1947 385 2028 ingressus
403 1951 465 2003 eet.
503 1947 537 2001 In
563 1948 666 2002 cuius
691 1949 874 2004 summitate
893 1947 1083 2031 Wasoonesh·
1105 1948 1208 2004 insidiis
1232 1967 1316 2005 con·

194 2016 332 2071 locat1a¹
358 2021 512 2073 extremum
536 2035 650 2090 agmen
669 2019 793 2073 adorti
818 2024 934 2074 totum
960 2024 1164 2074 exercitum
1189 2036 1439 2092 magnomonte.)

193 2107 353 2160 tumultu
372 2105 625 2176 perturbantk.
665 2095 711 2160 Et
734 2096 818 2162 licet
842 2097 966 2162 Franci
989 2096 1218 2162 Wasconibus
1241 2101 1314 2163 tarn

194 2183 297 2247 armis
337 2203 439 2267 quam
480 2184 603 2249 animis
643 2185 840 2268 praestare⁴
875 2185 1089 2258 viderentur,
1132 2189 1248 2250 tamen
1281 2204 1315 2253 et

194 2266 349 2348 iniquitate
377 2267 528 2321 locorum
556 2272 591 2321 et
618 2284 752 2338 genere
779 2267 895 2337 inparia
922 2269 1085 2350 pugnae⁵
1112 2267 1314 2324 interiores

193 2335 325 2390 ellectr
353 2342 443 2392 sunt.
491 2337 525 2391 ln
552 2338 619 2393 hoc
654 2339 856 2393 certamine
890 2339 1059 2407 plerique
1094 2339 1312 2409 aulicorum,

192 2433 277 2496 quos
300 2434 359 2478 rex
384 2414 491 2498 copiis
514 2415 738 2499 praefecerat,
758 2426 1043 2494 interlocutum,
1066 2427 1178 2496 direpta
1198 2426 1312 2496 impedi·

192 2520 291 2568 manta
314 2518 348 2568 et
366 2514 452 2569 hostis
475 2507 617 2589 propter
633 2497 812 2569 notitiam¹
843 2503 997 2568 locorum
1016 2516 1141 2569 statim
1160 2516 1188 2569 in
1207 2516 1312 2570 divorsa

191 2602 337 2672 dilapsus
356 2608 405 2658 est.
429 2588 536 2655 Cuius
549 2591 701 2657 vulneris
718 2593 881 2676 acceptim
894 2591 993 2657 dolor
1004 2613 1163 2675 magnam
1178 2596 1311 2677 partem

302 2709 330 2778 *)
349 2707 384 2762 ln
403 2726 456 2777 qua
479 2709 543 2763 ville
562 2714 643 2763 natus
668 2715 709 2764 est
727 2710 753 2764 ci
770 2709 842 2764 filius
861 2727 894 2763 ex
914 2709 1083 2779 Hildegarde
1103 2710 1205 2780 regina,
1230 2727 1309 2779 quem

351 2797 384 2833 ex
410 2797 486 2833 sacro
510 2780 586 2834 fonte
612 2780 796 2835 Hludoricunr
823 2773 1034 2835 nominaverunt
1057 2782 1118 2835 cdd.
1145 2783 1182 2835 Μ.
1209 2783 1311 2835 Frelm

351 2868 384 2903 en
402 2852 486 2906 codice
504 2853 619 2919 quodam
639 2853 823 2919 Germanicam,
843 2856 892 2919 qui
909 2868 980 2905 niuno
999 2853 1068 2906 latet

351 2958 396 3000 Β).
411 2958 582 3010 t.3.(tt.)6.
597 2960 615 3000 l.
630 2957 667 3006 (8.)

188 3012 209 3061 s)
222 3011 291 3060 gallis
306 3012 324 3053 l.
379 3015 396 3060 t)
411 3012 596 3054 conternanti.
651 3011 674 3060 ιι)
689 3009 814 3062 duciaco&
830 3010 936 3052 (luceiaco
951 3013 970 3054 l.
1025 3014 1047 3056 ν)
1062 3009 1212 3050 cassinoillum
1228 3011 1276 3055 tt.
1292 3011 1309 3052 7.

296 3065 342 3106 me.
369 3063 469 3115 s)hyap.
485 3066 503 3106 7.
571 3064 594 3115 b)
608 3065 693 3113 pirencl
707 3065 730 3116 ³3
746 3065 873 3118 plrynelt33
888 3065 979 3116 pyrenei
993 3065 1012 3105 8.
1067 3063 1308 3109 ¹olnuusrnornmtt

189 3125 324 3156 nauarortun
338 3119 358 3162 7.
417 3118 440 3167 d)
454 3128 515 3168 agur.
529 3119 549 3159 8.
562 3118 582 3161 6,
597 3118 615 3160 l.
676 3118 697 3168 e)
711 3117 831 3159 lttnalarbl
844 3119 864 3160 8.
922 3115 939 3168 l)
953 3117 1063 3157 abrstalrur
1077 3117 1096 3158 l.
1154 3119 1177 3166 ε)
1190 3127 1276 3157 murum
1290 3117 1310 3160 8.

188 3169 211 3218 n)
226 3180 302 3213 uussc.
316 3181 385 3211 autom
400 3169 419 3212 6.
434 3172 453 3213 ἵ.
543 3171 560 3218 l)
574 3171 650 3213 colloc.
664 3172 683 3213 8,
697 3171 716 3214 t.
731 3172 749 3213 ἵ.
836 3171 860 3219 k)
874 3169 1037 3219 perturbabant
1050 3179 1131 3219 magno
1146 3169 1242 3209 tumultu
1257 3171 1276 3213 3,
1290 3171 1309 3213 5,

188 3222 204 3268 l)
219 3225 322 3264 noticiam
337 3224 355 3266 ³.
370 3224 388 3266 6.
404 3225 422 3265 l.
497 3223 527 3275 m)
541 3224 628 3274 accepti
645 3223 718 3274 σοᾰᾱ.)
741 3225 825 3274 accepti
845 3220 970 3263 recordatio
986 3222 1122 3270 aurursus,
1141 3225 1227 3271 serapti
1245 3221 1305 3263 dolor

189 3275 277 3324 Frater,
292 3279 392 3327 acceptio
410 3277 480 3319 araz.
729 3287 731 3291 ¹

296 3347 322 3416 1)
336 3349 409 3400 Ano.
421 3347 503 3402 mezo.
516 3349 583 3404 778:
604 3345 699 3400 Oerlus
717 3363 779 3400 curn
799 3344 920 3399 exercitu
934 3389 939 3399 .
954 3393 959 3400 ,
975 3389 980 3400 .
1001 3344 1192 3414 Pampilonem
1211 3347 1306 3398 urbem

104 3476 109 3485 ¹
187 3414 310 3472 destruit.
352 3439 354 3443 ’
418 3418 448 3485 2)
465 3419 526 3470 Vita
545 3418 650 3471 Karoli
665 3421 697 3473 9:
723 3416 936 3486 Hispaniam..
958 3414 1158 3486 ,adgreditur3
1184 3417 1306 3484 saltuque

186 3485 298 3554 Pyrinei
322 3496 466 3557 superato,
492 3489 619 3542 omnibus
638 3531 643 3543 .
665 3531 670 3542 .
691 3486 823 3556 oppidis.
844 3531 848 3541 .
869 3486 898 3539 in
922 3485 1090 3540 deditionem
1109 3486 1226 3554 acceptia
1246 3530 1251 3541 .
1272 3529 1277 3540 .
1299 3529 1305 3541 .

186 3557 341 3624 revertitur,
362 3600 367 3612 .
389 3601 394 3612 .
416 3602 421 3614 .
442 3559 469 3611 in
488 3559 547 3628 ipso
566 3557 677 3628 Pyrinei
695 3557 758 3628 iugo
778 3601 784 3613 .
806 3601 811 3612 .
833 3601 838 3612 .
858 3555 1007 3611 Wsscones
1033 3558 1072 3610 in'
1087 3557 1187 3610 summi
1206 3556 1305 3609 montis

186 3627 287 3682 vertice
306 3624 402 3697 positis
421 3629 524 3683 insidiis
543 3674 548 3684 .
570 3673 576 3685 .
597 3672 602 3685 .
623 3631 773 3683 extremam
798 3627 1059 3695 impedimentorum
1078 3631 1185 3695 partem
1204 3632 1231 3680 et
1250 3643 1304 3695 eos,

186 3699 232 3768 qui
265 3698 405 3753 novissimi
440 3700 555 3770 agminis
584 3698 739 3754 incedentes
773 3697 894 3753 subsidio
925 3698 1118 3767 praecedentes
1148 3696 1304 3764 tuebantur,

184 3769 303 3839 desuper
328 3769 520 3824 incursantes.
542 3813 547 3825 .
569 3813 574 3825 .
595 3786 689 3823 omnes
714 3767 882 3823 interficiunt
907 3785 939 3823 ac
965 3768 1077 3838 direptis
1104 3766 1304 3836 impedimentis

186 3858 372 3895 ...summa
396 3858 459 3895 cum
484 3839 623 3896 celeritate
649 3839 678 3892 in
702 3839 810 3894 diversa
835 3840 1105 3910 disperguntur...
1132 3836 1250 3891 Francos
1277 3843 1304 3890 et

184 3926 325 3965 armorum
350 3912 468 3982 gravitas
494 3914 522 3964 et
547 3911 600 3964 loci
618 3909 755 3980 ,iniquitas
774 3953 805 3967 ..
832 3910 1012 3965 ll'ssconibus
1034 3906 1152 3961 reddidit
1177 3907 1302 3976 impares.

184 3979 218 4032 In
238 3998 291 4050 quo
311 3983 415 4050 proelio
435 3980 607 4064 Eggihardus
632 3981 724 4051 regiae
750 3999 859 4036 mensae
885 3979 1054 4050 praepositus
1078 4021 1084 4058 ¹.
1104 4021 1110 4033 .
1131 4021 1137 4031 .
1156 3994 1218 4030 curn
1244 3979 1303 4060 aliis

184 4052 360 4119 conpluribus
374 4053 581 4108 interficiuntur.
607 4050 703 4120 Neque
716 4053 769 4106 hoe
783 4053 885 4106 fectum
904 4095 908 4106 .
930 4094 935 4105 .
955 4048 1086 4103 vindicam
1105 4053 1221 4116 poterat,
1240 4066 1303 4117 quta

165 4119 270 4174 'lmstis
290 4168 294 4178 .
316 4167 322 4179 .
342 4125 478 4192 dispemus
494 4130 543 4178 est.
616 4124 644 4189 3)
662 4124 705 4188 Cf.
724 4124 782 4178 Lis.
795 4124 875 4189 XXI,
887 4124 917 4177 5:
937 4136 1045 4173 amnem
1064 4120 1134 4185 (scil.
1155 4118 1303 4184 Hiberum)

183 4191 254 4245 vad'o
276 4195 381 4248 traiecit
399 4197 474 4261 (M).
555 4193 584 4263 4)
605 4195 648 4258 Cf.
667 4195 734 4249 Istat.
748 4195 841 4252 Im:
861 4189 930 4245 Cum
948 4189 1048 4242 virtute
1068 4195 1095 4242 et
1114 4190 1204 4242 animo
1225 4206 1300 4257 pree·

183 4269 284 4315 starent
305 4264 421 4332 Scythae
441 4266 514 4330 (M).
623 4266 651 4333 5)
672 4266 713 4329 Cf.
739 4265 799 4318 Tuo.
814 4265 885 4317 Ana.
899 4261 1001 4326 11,le
1027 4276 1127 4330 genere
1147 4276 1254 4328 pugnae
1273 4263 1301 4314 et

183 4349 321 4387 armorum
340 4338 539 4403 superabantur
557 4337 631 4402 (M).

1052 4436 1085 4492 4*
