3030 4944
414 455 596 514 Anninus
616 454 649 527 Q.
667 455 701 512 n.
720 455 922 514 muninus
959 456 995 514 s,
1008 459 1088 515 rer..
1269 459 1305 514 cs

183 645 296 707 castra
312 642 493 725 posuisset,
517 641 593 725 ipsi,
617 640 709 706 sicut
732 661 811 705 cum
835 660 875 705 eo
898 643 1141 715 convenerat²¹‚
1166 661 1234 724 quo
1256 637 1304 705 iu·

183 730 283 795 cilius
306 733 460 795 montem
484 729 685 794 circumirev
709 732 859 814 possent,
883 728 1089 812 transgressi
1107 728 1304 794 WisurunrW

181 820 220 882 in
247 819 323 903 ipsu
350 818 502 882 fluminis
532 819 608 903 ripa
637 821 751 884 castra
780 821 981 902 posuerunt.
1029 817 1228 902 Habitoque
1256 817 1304 881 in-

182 910 237 972 ter
260 926 296 972 se
320 906 524 991 conloqui0¹
550 905 652 972 veriti
675 909 766 982 sunt,
790 925 835 971 ne
858 906 903 970 ad
926 926 1053 972 nomen
1075 905 1301 972 Theodericiy

182 995 347 1060 victoriae
370 995 466 1060 fama
487 995 661 1081 transiret,
686 995 716 1059 si
739 1014 819 1060 eum
841 994 879 1058 in
902 995 1023 1061 eodem
1039 993 1171 1079 proelio
1187 1013 1301 1060 secum

183 1082 352 1149 haberent
363 1083 383 1146 ¹.
426 1083 531 1149 Ideo*
560 1084 633 1148 sine
656 1082 718 1148 illo
742 1103 821 1148 curn
845 1081 1038 1148 Senonibus
1062 1083 1227 1166 congredi
1250 1083 1302 1149 de·

183 1175 338 1247 cernunt,
364 1172 578 1257 sumptisque
602 1172 706 1236 armis
728 1192 800 1236 non
823 1171 921 1257 quasi
945 1172 988 1236 ad
1013 1172 1147 1236 hostem
1171 1171 1209 1235 in
1231 1171 1304 1237 acie

183 1264 350 1333 stantem,
382 1261 443 1326 sed
471 1260 569 1345 quasi
598 1259 664 1324 ud*
697 1252 929 1344 fugrientiurub
966 1263 1065 1343 terga
1092 1260 1306 1344 insequenda

183 1349 361 1434 spoliaque
384 1348 589 1433 diripienda,
621 1350 725 1434 prout
754 1368 924 1432 quemque
953 1347 1119 1413 velocitas
1147 1348 1228 1432 equi
1246 1348 1305 1412 sui

184 1437 316 1502 tulerat
326 1438 347 1514 ²,
373 1458 442 1521 qua
465 1435 615 1502 Saxones
639 1456 702 1521 pro
725 1436 847 1501 castris
870 1437 907 1500 in
931 1437 1004 1502 acie
1028 1435 1178 1513 stabant,
1203 1446 1304 1502 unus·

183 1526 326 1610 quisque
349 1545 468 1591 eorum
492 1544 626 1590 summe
648 1520 873 1592 festinatione
897 1525 1088 1590 contendit.
1125 1524 1202 1605 Quo
1226 1547 1304 1591 cum

183 1618 273 1680 esset
297 1614 387 1679 malo
411 1617 624 1699 perventum,
657 1613 747 1679 male
778 1613 884 1680 etiem
908 1617 1102 1698 pugnatum
1125 1616 1193 1690 est;
1223 1635 1304 1678 nam

183 1715 368 1768 counrnissoe
402 1711 561 1784 Ῑποειῐοεὶ·8
601 1701 827 1767 circumventi
861 1722 883 1767 a
916 1697 1126 1778 Saxonibus‚
1170 1707 1299 1787 paene⁰

183 1811 301 1857 omnes
331 1789 508 1858 interiecti
538 1794 629 1854 sunt.
682 1789 751 1869 Qui
780 1793 898 1856 tamen
929 1791 1073 1856 evadere
1103 1793 1303 1875 potuerunt,

182 1898 252 1943 non
282 1879 319 1943 in
348 1879 446 1957 suu⁴,
477 1879 570 1943 unde
604 1877 752 1963 proiecti
784 1882 881 1956 sunt,
916 1879 975 1945 sed
1008 1880 1044 1944 in
1076 1878 1301 1945 'I'heodericiy

183 1970 306 2044 castra,
331 1971 539 2051 quaertrans
562 1970 716 2032 montem
739 1970 847 2045 erant,
872 1967 1040 2052 fugiendo
1061 1973 1304 2051 pervenerunt.

183 2055 274 2127 Sed⁶
296 2055 406 2120 maior
422 2054 564 2120 Francis
587 2076 690 2138 quum
707 2049 790 2140 pro¹
810 2075 954 2120 numero
970 2056 1104 2120 iactura
1118 2056 1199 2134 fuit,
1224 2057 1305 2139 quia

184 2155 392 2226 legatorum
410 2154 474 2224 duo,
494 2154 641 2228 Adalgisus
660 2161 688 2210 ct
704 2153 828 2220 Geiloit,
852 2144 1017 2210 comitum
1034 2147 1201 2229 quattuor
1221 2144 1304 2211 alio·

181 2251 326 2316 rumque
350 2231 521 2298 clarorum
545 2236 649 2315 atque
668 2231 837 2297 nobilium
856 2233 1027 2316 usquead
1046 2233 1172 2317 viginti
1192 2245 1304 2300 inter-

184 2330 290 2401 fecti,
321 2323 459 2406 praeter
488 2313 653 2392 oeterosi,
686 2321 745 2404 qui
768 2321 831 2384 hos
855 2313 982 2386 secuti¹
1014 2321 1129 2406 potius
1153 2342 1231 2386 cum
1255 2322 1304 2388 eis
1377 2321 1380 2327 ’

182 2407 294 2485 perire
317 2429 420 2498 quam
445 2416 523 2494 post
547 2428 604 2474 eos
626 2409 741 2474 rivere
764 2408 973 2474 maluerunt.

291 2507 401 2563 Ouius
426 2507 480 2562 rei
505 2508 672 2563 nuntium
698 2513 775 2564 cu'nr
800 2525 850 2564 rex
874 2510 1100 2580 accepisset,
1124 2497 1214 2570 nihil
1237 2496 1304 2564 sibi

184 2585 419 2652 cunctandum
449 2584 661 2650 arbitratus⁶
688 2597 851 2652 collecto
878 2597 1108 2653 festinanter
1135 2597 1304 2653 exercitu

184 2669 219 2722 in
249 2667 446 2724 saxoniam
476 2667 742 2737 proficiscitur
772 2668 990 2738 accitisque
1017 2668 1059 2723 ad
1090 2686 1126 2723 se
1156 2669 1303 2725 cunctis

183 2737 338 2793 Saxonum
366 2739 592 2809 primoribus
620 2738 661 2793 de
687 2739 902 2794 auctoribus
928 2740 1049 2794 iactae
1075 2739 1303 2795 defectionis

184 2825 391 2896 inquisivit.
424 2813 471 2879 Et
494 2836 572 2880 curn
595 2835 713 2880 omnes
737 2810 1012 2880 Widolrindum¹¹
1038 2816 1142 2880 huius
1165 2815 1303 2881 sceleris

183 2905 360 2968 auctorem
383 2895 650 2987 proclarnarent,
680 2897 776 2968 eum¹
807 2907 925 2969 tamen
947 2905 1084 2970 tradere
1108 2905 1301 2988 nequirent,

184 3002 223 3039 eo
242 2984 384 3055 quod‘is
402 3003 439 3040 ra
458 2990 676 3055 perpetrata
694 2985 736 3040 ad
754 2985 992 3041 Nordmanncsm
1018 3003 1054 3040 se
1073 2988 1302 3056 contulerat,

343 3163 390 3204 El.
405 3164 426 3204 ἱ.
441 3163 583 3212 Β.(4.ῦ.)6.
598 3165 617 3206 i.
639 3165 670 3212 8.)

183 3215 208 3262 ιι)
221 3221 373 3258 conuenerant
387 3217 408 3257 ³.
422 3216 443 3256 t.
459 3218 479 3257 i.
561 3215 584 3270 v)
599 3165 695 3259 cirouira
709 3219 730 3256 ³.
744 3217 765 3257 c.
839 3218 869 3266 w)
883 3217 996 3259 uulsarnrn
1010 3216 1032 3259 6.
1108 3217 1131 3268 x)
1146 3218 1196 3259 coll.
1210 3219 1232 3258 8.
1245 3217 1267 3258 t.
1282 3219 1302 3259 i.

183 3271 207 3320 5)
223 3267 308 3309 render.
322 3270 341 3312 o.
410 3272 430 3317 ι)
444 3269 540 3318 locoque
554 3271 575 3310 ii.
590 3268 609 3311 t.
677 3272 699 3318 a)
713 3271 770 3309 decri
783 3269 804 3309 6.
820 3271 840 3309 ¹1.
905 3269 1149 3320 minuimento.
1217 3272 1239 3318 ci
1252 3281 1302 3311 curn

184 3321 250 3361 mirso
265 3324 285 3361 1.
300 3322 320 3360 2.
402 3321 484 3371 mito
499 3321 551 3365 iii.
568 3323 586 3364 7.
672 3324 693 3372 e)
707 3333 765 3372 pene
780 3323 799 3361 2.
815 3323 835 3362 8.
851 3319 870 3365 8.
885 3324 903 3365 i.
989 3323 1008 3370 i)
1020 3323 1088 3372 'quarn
1103 3334 1144 3373 pro
1158 3326 1233 3363 inani
1247 3325 1267 3366 6.
1283 3326 1301 3365 2.

182 3376 206 3423 k)
220 3375 286 3422 geillo
300 3374 319 3416 8.
375 3374 514 3422 ωοιοῐοτοε
530 3377 547 3417 1.
562 3375 580 3417 i.
595 3375 615 3417 8.
674 3376 690 3424 ἰ)
705 3375 794 3424 sequuti
810 3377 827 3417 1.
842 3375 862 3416 2.
920 3375 945 3422 k)
960 3373 1118 3416 nuidlklndum
1132 3378 1156 3426 t;
1172 3377 1266 3417 uuiduk.
1281 3377 1302 3419 8.

184 3426 201 3476 l)
215 3427 286 3477 ipsum
300 3428 320 3467 t.
334 3428 354 3470 ὓ.
422 3430 453 3473 m)
466 3433 546 3469 norim.
561 3427 585 3477 2;
601 3429 801 3468 northmannorum
815 3428 834 3471 8.
1152 3433 1154 3437 ’

288 3567 318 3635 1)
335 3568 407 3621 Haec
431 3571 548 3636 κηρίον
564 3570 706 3622 secundum
729 3569 881 3621 relationem
900 3587 918 3621 c
941 3569 1100 3623 Theoderico
1116 3571 1219 3631 faciam
1237 3586 1302 3624 rcr-

184 3655 249 3692 rarc
260 3639 331 3691 miti
341 3639 447 3707 quidem
464 3640 585 3701 videtum
603 3656 696 3693 rurore
708 3640 783 3692 houd
794 3642 848 3692 scio
861 3656 897 3692 un
915 3641 1001 3693 druos
1009 3649 1153 3708 propterea
1170 3643 1302 3708 acciderit,

181 3710 254 3776 quod
270 3708 487 3777 odoramina
505 3711 569 3775 iilis,
587 3714 664 3764 ‘scut
681 3726 740 3764 cum
758 3727 787 3764 eo
804 3711 975 3778 cosmocrat,
994 3713 1132 3764 auxilium
1153 3711 1305 3767 suemus·

184 3782 214 3832 in
231 3787 346 3851 ternpore
363 3782 457 3848 defiat.
496 3779 570 3845 Quod
586 3784 644 3834 aire
661 3783 740 3850 culm
758 3784 916 3851 cuiusquam
934 3785 1075 3850 iniquitate
1094 3783 1152 3849 lori,
1174 3785 1301 3850 quoniam

185 3866 259 3905 mora
276 3851 454 3917 interiacebat,
474 3853 575 3917 fadum
594 3869 647 3906 esre
662 3859 753 3921 poisat.
844 3856 871 3918 2)
888 3853 1024 3920 Siquidem
1042 3855 1132 3922 omnia
1149 3855 1187 3907 ris
1205 3855 1302 3906 itrrm

184 3923 421 3990 iramorodierdas
435 3929 503 3990 erat,
518 3924 682 3991 mirisquorn
700 3925 738 3975 ad
749 3924 834 3978 tosus
842 3926 1020 3992 pnrenirmi,
1037 3939 1165 3991 equorum
1183 3923 1303 3977 miceam

184 3994 230 4044 oin
247 3996 286 4047 cir
303 3995 368 4047 usui
384 3995 486 4060 fuerin·
510 3997 590 4045 immo
615 3996 734 4059 forsitan
757 4009 774 4045 a
792 3995 945 4047 Sororibus
969 3997 999 4046 in
1022 3997 1081 4061 ipw
1105 3996 1216 4060 {iumine
1233 3997 1302 4048 troi·

184 4063 273 4117 &mdc
291 4067 413 4134 oppressi
429 4066 492 4118 sint.
529 4065 617 4116 Aliter
636 4064 820 4118 Abii-Simeon
833 4066 893 4130 432.
992 4065 1021 4133 3)
1041 4065 1113 4121 Arm.
1132 4065 1214 4121 nuic.
1234 4067 1300 4122 782:

185 4139 310 4187 cornerio
329 4148 392 4188 cum
411 4133 450 4188 eis
468 4134 582 4202 proelio.
691 4137 719 4203 4)
735 4135 884 4200 Nimirum,
902 4138 1030 4202 qucrriam
1047 4138 1146 4201 fluvius
1164 4138 1302 4191 inurerar.

185 4205 212 4270 5)
232 4204 275 4268 Of.
294 4205 352 4261 Lio.
366 4205 446 4272 XXI,
459 4208 507 4262 59:
534 4203 588 4260 Sed
615 4205 703 4259 rnuior
720 4203 853 4260 Romanis
876 4222 958 4274 quarn
983 4223 1034 4275 pro
1059 4223 1174 4260 numero
1196 4206 1303 4261 iactura

184 4272 245 4340 fuit,
264 4273 327 4342 quia
345 4275 478 4345 equestris
496 4275 599 4331 ordinis
617 4276 723 4345 uliquot
741 4280 769 4329 et
786 4276 890 4330 tribuni
909 4276 1028 4330 militum
1048 4277 1167 4345 quinque
1186 4280 1213 4329 et
1225 4291 1302 4344 prae·

185 4342 252 4397 iecti
269 4344 406 4417 sociorum
424 4352 480 4400 tres
499 4352 562 4400 sunt
581 4346 726 4402 interfecti.
752 4386 755 4393 .
829 4350 857 4416 6)
877 4349 919 4412 Cf.
939 4348 1014 4401 Fior.
1030 4349 1051 4412 I,
1064 4349 1114 4403 39:
1134 4346 1203 4400 nihil
1221 4363 1302 4400 cunc·

184 4412 298 4467 tandum
316 4419 392 4468 ratus
409 4416 483 4480 (Μ.)Ι
