3030 4944
252 414 305 470 104
410 406 590 466 annuus
606 405 728 464 auom
744 402 992 464 umbonum
1028 401 1206 468 nasama

275 591 451 660 estilentia
479 594 583 678 atque
613 591 791 657 hominum
821 589 1029 671 mortalitas,
1060 611 1149 676 quae
1172 611 1233 677 par
1255 594 1371 657 totam

251 616 450 749 incuriam*
478 679 665 747 inmaniter
686 698 930 764 usquequaque
953 684 1109 764 grassata
1131 683 1185 746 est
1208 683 1244 746 et
1269 681 1370 745 innu-

251 790 380 838 meram
409 770 588 837 hominum
620 767 880 834 multitudinem
910 769 1036 836 diversi
1058 788 1159 836 sexus
1182 771 1218 835 et
1241 768 1371 835 aetatis

251 859 451 947 gravissime
473 857 634 926 serieudo
658 857 880 943 consumpsit.

768 1027 845 1102 824.

280 1122 283 1127 '
358 1136 639 1210 noocxxnu.
676 1141 750 1208 mx
773 1140 1003 1228 surgentum
1027 1138 1131 1209 nv*
1153 1142 1250 1209 velut
1273 1143 1370 1231 pass

251 1234 431 1301 faciendae
460 1233 574 1319 mutia
602 1231 735 1317 legatos
765 1231 811 1296 ad
839 1231 1082 1316 imperatorem
1112 1226 1211 1298 cumb
1239 1231 1369 1299 litteris

251 1323 355 1389 misit
390 1321 484 1404 Quos
499 1320 560 1388 ille
583 1341 661 1387 cum
684 1318 837 1385 audisset
860 1339 901 1386 ac
924 1319 1069 1399 litteras,
1092 1341 1180 1406 quae
1203 1321 1364 1388 calcanea

250 1413 400 1490 fuerant,
424 1409 574 1499 legisset,
597 1409 648 1475 rei
670 1409 825 1475 novitate
848 1430 919 1474 non
940 1409 1102 1476 inmerito
1124 1414 1302 1497 permotus
1323 1412 1369 1477 ad

252 1494 524 1588 explorandam‘¹
557 1497 758 1585 diligentius
786 1497 947 1564 insolitae
984 1503 1020 1565 et
1054 1519 1241 1584 numquam
1272 1500 1369 1585 prius

250 1591 288 1656 in
312 1589 512 1656 Francim⁰
540 1587 708 1654 venientis
738 1586 923 1672 legationis
946 1607 1084 1655 causam
1108 1581 1365 1655 Machelmum‘

251 1679 424 1764 quendam
443 1678 486 1744 de
509 1677 691 1743 Baioaria⁸
716 1697 792 1742 cnm
817 1676 901 1770 ipsis
924 1676 1048 1763 legatis
1071 1677 1116 1744 ad
1139 1682 1369 1745 memoratum

244 1785 367 1854 ‘regem
390 1767 619 1852 Bulgarorum
642 1765 777 1839 direxit.

357 1848 523 1942 Hiemps¹¹
556 1874 677 1940 aspera
704 1854 874 1922 vuidone
903 1854 1038 1940 prolixa
1065 1855 1162 1923 faeta
1185 1859 1247 1934 est,
1277 1876 1369 1941 quae

251 1967 322 2013 non
355 1944 467 2013 solum
502 1937 654 2011 caetera¹
695 1875 874 2022 animaiia,
916 1964 1035 2010 verum
1069 1945 1174 2012 etiam
1201 1945 1369 2023 ¹homines

251 2035 418 2120 quosdam
458 2034 664 2100 inmanitate
704 2033 844 2118 frigoris
884 2033 1041 2100 extinxit.
1099 2032 1199 2101 Luna
1237 2034 1370 2102 deiecit

150 2118 346 2190 ιι.ινι.ι,ΙΙ1.ις
373 2122 462 2189 Non.
486 2115 607 2188 Mart¹
643 2122 730 2188 bora
758 2122 871 2188 noctis
900 2123 1062 2191 secunda.
1116 2123 1266 2209 Suppom
1296 2123 1369 2190 dux

251 2212 464 2299 Spolitinusl
491 2212 675 2279 decessisse
698 2210 916 2276 nuntiatnr0.

358 2301 518 2367 Inui-ear
548 2299 656 2386 legati
684 2299 832 2365 Romani
855 2300 1027 2386 pontificia
1049 2300 1194 2369 Romam
1220 2302 1368 2387 regressi

253 2391 400 2458 eundem
422 2389 538 2456 valida
559 2389 760 2454 infirmitate
784 2389 965 2455 detentum
989 2409 1029 2455 ao
1052 2391 1157 2455 morti
1172 2391 1240 2456 iarn
1257 2391 1368 2476 proxi·

252 2502 346 2546 mum
369 2480 590 2557 invenerunt;
621 2478 679 2562 qui
707 2478 810 2543 etiam
840 2478 959 2564 paucis
982 2482 1060 2564 post
1083 2478 1270 2546 adventum
1292 2479 1368 2547 illo·

251 2591 328 2634 rum
352 2568 480 2635 exactis
504 2566 647 2633 diebusl
670 2567 743 2632 vita
765 2567 922 2633 decessit.
961 2567 1005 2633 ln
1028 2569 1125 2634 cuius
1149 2568 1263 2634 locum
1287 2590 1366 2634 cum

252 2659 321 2724 dno
350 2679 411 2745 per
443 2657 716 2723 contentionem·
728 2656 848 2742 populi
875 2657 1025 2722 fuissent
1048 2657 1160 2736 electi,
1190 2658 1369 2742 Eugenius

252 2751 367 2814 tamen
409 2745 684 2833 archipresbyter
718 2745 814 2810 tituli
848 2750 990 2812 sanctae
1024 2746 1171 2813 Sabinae
1205 2748 1368 2814 vincente

251 2835 420 2902 nobilium
450 2837 547 2921 parte
578 2834 784 2920 subrogatus
814 2839 918 2919 atque
948 2835 1127 2900 ordinatus
1151 2839 1213 2902 est.
1261 2835 1369 2903 caius

251 2926 301 2991 rei
330 2927 513 2990 nuntiumq
547 2945 624 2990 cum
650 2922 813 3004 Quirinus
843 2923 1084 3002 subdiaconus,
1115 2945 1205 2992 unns
1235 2946 1277 2993 ex
1300 2927 1366 3004 his,

251 3014 311 3099 qui
341 3014 447 3100 priori
476 3012 649 3099 legatione
677 3013 929 3099 fungebantur,
960 3014 1005 3078 ad
1033 3014 1276 3100 imperatorem
1313 3015 1368 3082 de·

152 3125 242 3168 naas.
252 3103 405 3178 tulisset,
437 3104 609 3168 conventu
633 3100 770 3169 circiter
792 3100 895 3167 VIII.
920 3102 1000 3169 Kal.
1024 3102 1092 3169 Iul.
1116 3104 1364 3189 pronuntiato‘

252 3195 355 3277 atque
379 3189 590 3277 compendio
620 3190 740 3257 habito
770 3191 844 3276 ipse
874 3191 918 3257 ad
949 3191 1197 3259 Brittanicam⁸
1233 3193 1369 3279 expedi·

251 3281 382 3346 tionem
418 3300 479 3367 per
515 3300 551 3345 se
579 3280 775 3345 faciendam
805 3281 920 3347 animo
949 3281 1086 3347 intento
1116 3280 1361 3347 Hlotharinmt

251 3369 361 3434 filium
391 3368 527 3453 imperii
556 3370 685 3433 socium
709 3367 852 3433 Romam
877 3370 1015 3435 mittere
1038 3370 1199 3448 decrevit,
1229 3374 1269 3434 ut
1292 3369 1368 3436 vice

252 3479 314 3524 sua
329 3458 472 3523 iunctus
487 3478 536 3535 ea,
561 3477 649 3540 qnae
664 3477 779 3522 rerum
794 3457 980 3525 necessitas
996 3459 1153 3544 flagitare
1172 3459 1366 3537 videbatur,

324 3631 348 3698 ⁸)
365 3628 518 3701 cnonaga
536 3629 597 3685 aaa.
618 3629 680 3685 ne.
699 3629 734 3684 n.

411 3771 455 3813 01.
470 3771 489 3815 t.
503 3772 540 3821 (4.)
553 3770 574 3813 1)
583 3772 601 3814 1.
614 3770 651 3823 (2.)
665 3771 684 3815 t.
698 3769 744 3813 11.
757 3771 777 3815 1.
790 3772 811 3816 t.
823 3772 853 3823 (4.
865 3771 894 3823 t.)
908 3772 961 3815 1,·1.

253 3828 271 3872 t)
283 3825 389 3867 trudam
404 3825 445 3868 01.
460 3823 567 3868 ΜΗ.

358 3879 405 3923 811.
431 3876 798 3928 a)noa02.8.01;dmtl'.
857 3876 881 3928 b)
895 3878 971 3927 ulltt.
984 3879 1060 3919 dam
1073 3878 1117 3921 08.
1175 3878 1197 3930 a)
1209 3878 1246 3920 all.
1260 3878 1303 3922 ct.
1318 3879 1368 3924 Dl.

253 3930 299 3975 18.
312 3932 332 3974 d.
346 3930 365 3974 l.
406 3929 430 3981 d)
444 3927 607 3982 explorandum
619 3929 665 3972 Bt.
680 3929 700 3972 l.
743 3933 765 3979 a)
779 3931 883 3972 nentina
896 3931 939 3975 Gt.
952 3931 972 3975 d.
986 3930 1033 3974 Μ.
1047 3930 1093 3974 Et.
1138 3930 1310 3979 omaebsmum
1320 3932 1367 3977 08.

253 3991 278 4037 g)
291 3985 415 4026 manuari·
428 3985 477 4029 Dii.
540 3983 565 4031 b)
579 3984 649 4025 biems
663 3983 706 4027 Gt.
721 3983 768 4026 Da.
781 3983 827 4026 Et.
841 3984 865 4035 ⁰3
881 3985 996 4028 lucam
1010 3986 1032 4028 h,
1045 3984 1071 4028 Ε.
1140 3985 1157 4032 1)
1170 3988 1246 4025 cetera
1258 3984 1307 4030 Dl.
1322 3987 1369 4030 st.

253 4038 278 4086 k)
292 4038 377 4080 1102.
430 4037 447 4087 l>
460 4037 535 4078 martii
549 4037 592 4080 03,
605 4036 651 4078 Et.
665 4036 689 4086 ἲς
705 4035 765 4076 mart
778 4037 826 4081 121.
841 4037 860 4081 ³.
873 4037 919 4082 Et.
932 4039 953 4083 8.
1018 4041 1050 4086 m)
1062 4039 1142 4088 suppio
1155 4037 1201 4081 Μ.
1262 4042 1285 4087 a)
1299 4041 1369 4090 spoli·

255 4097 319 4132 tanus
332 4091 378 4130 Ea.
393 4091 412 4134 t.
426 4090 445 4133 1,
499 4092 521 4138 ο)
535 4101 602 4133 nunc.
615 4089 663 4132 Db.
676 4088 723 4130 1³.
738 4090 757 4132 l.
825 4092 921 4140 ldsect
934 4091 960 4135 Ε.
1014 4090 1037 4141 q)
1051 4091 1156 4132 annulum
1170 4090 1214 4132 08.
1230 4090 1277 4134 Μ.
1292 4092 1338 4135 Sd.
1348 4093 1368 4138 1,

252 4147 274 4194 r)
288 4143 401 4195 pronlcarn
415 4145 512 4201 (embada
524 4144 626 4185 namuro
636 4163 663 4172 -
673 4142 766 4192 Edita)
777 4101 825 4187 Εἰ
834 4142 853 4188 l.
913 4146 932 4191 ι)
946 4144 1076 4185 turmulam
1088 4143 1141 4195 qu
1154 4144 1300 4185 tuttunnlarn
1313 4145 1368 4198 οὓς

253 4197 408 4239 brittannicam
421 4195 495 4242 118.
549 4196 567 4246 t)
581 4195 718 4236 hlotharium
732 4195 753 4236 Ε
758 4198 777 4240 1.
791 4196 813 4248 ῖς
829 4196 912 4240 lothar.
923 4196 968 4243 1³.

362 4321 387 4387 1)
405 4319 545 4385 laentum,
569 4335 622 4387 quo
645 4318 695 4375 die.
733 4321 776 4385 Cf.
795 4320 902 4375 Simeon
923 4323 991 4388 212,
1018 4320 1286 4390 Jaffe-Waoenoacs
1304 4324 1368 4380 320,

253 4394 282 4462 2)
302 4392 356 4458 Qui
374 4393 488 4446 emmas
504 4408 530 4446 o.
542 4393 603 4448 815.
621 4399 796 4456 cumcurm
812 4393 847 4458 as.
865 4393 1006 4446 Dalmmler
1024 4393 1040 4448 l.
1061 4391 1078 4449 l.
1096 4393 1157 4450 896.
