3030 4944
393 399 575 462 isumus
593 403 627 476 Q.
644 404 678 460 u.
696 401 900 462 umanum.
935 404 1114 463 naccam.
1259 408 1311 462 113
1367 483 1368 486 Ν

192 577 297 632 cunctis
314 577 493 648 psallentibus
518 579 546 634 iu
572 580 760 635 ecclesiam
786 579 948 635 eiusdem
966 579 1148 636 beatissimi
1170 580 1307 650 apostolic

190 647 300 703 Deum
343 648 540 705 loriiicans
558 655 667 720 atque
686 649 927 722 magnificans
945 650 1106 707 introduxit.
1143 649 1230 706 Facta
1247 655 1312 706 sunt

190 718 258 774 hacc
276 667 360 774 vlil.
372 718 436 776 Kal.
454 719 598 778 Decembr.

297 789 365 844 Post
390 795 495 860 septem
520 807 587 847 vero
611 790 670 846 dies
695 808 745 847 rex
770 792 899 847 contione
923 796 1028 860 vocata,
1054 808 1104 847 cur
1121 790 1241 848 Romam
1264 808 1310 847 ve-

191 859 287 926 nisset,
309 860 437 915 omnibus
455 861 586 931 patefecit
604 867 633 917 et
651 862 750 918 exinde
768 861 903 929 cotidier,
928 867 1082 933 propter
1107 879 1176 932 quae
1198 867 1312 920 venerat

191 929 324 999 iacienda,
347 947 460 1000 operam
478 932 661 1003 impendit;
686 933 864 1003 inquibus
889 933 934 988 vel
952 933 1103 988 maximnm
1121 934 1166 988 vel
1183 931 1311 988 difficilli-

191 1018 266 1054 mum
286 1005 378 1069 eran,
403 1001 476 1071 quod
501 1003 598 1073 primo
615 1003 775 1059 inchoatum
795 1008 844 1072 est,
870 1003 907 1058 dd
930 1003 1185 1088 investigandis
1210 1003 1312 1059 vide·

191 1071 386 1142 licet,quae
404 1072 528 1142 pontiflci
546 1073 810 1141 obiciebantur,
829 1073 995 1132 criminibus.
1033 1072 1087 1144 Qui
1112 1079 1214 1144 tamen,
1237 1079 1311 1144 post-

191 1158 272 1211 quam
290 1143 383 1198 nullns
400 1145 597 1200 eorundem
615 1145 762 1200 criminum
780 1146 912 1215 probator
929 1162 987 1200 esse
1005 1145 1105 1215 voluit,
1125 1161 1218 1200 coram
1236 1145 1311 1200 omni

189 1213 292 1283 populo
317 1213 345 1268 in
370 1213 481 1270 baniica
506 1215 580 1272 beati
598 1214 674 1271 Petri
699 1216 817 1271 aostoli
836 1215 1009 1288 evangelium
1028 1214 1042 1270 f
1047 1232 1146 1271 erens
1164 1215 1311 1271 ambonem

190 1283 350 1339 conscendit
374 1284 555 1356 invocatoque
581 1292 691 1342 sauctae
756 1287 762 1299 ’
784 1286 858 1343 itatis
876 1286 988 1342 nomine
1013 1286 1055 1341 de
1080 1286 1194 1342 obiectis
1211 1303 1241 1342 ee
1259 1285 1311 1341 cri·

191 1371 309 1426 minibus
328 1372 462 1428 iurandot
481 1374 617 1445 purgavit.
645 1373 750 1430 Eadem
769 1374 814 1431 die
832 1375 978 1430 Zacharias
996 1362 1185 1449 presbyter,
1209 1383 1311 1446 quem

189 1465 250 1513 rex
270 1447 537 1515 Hierosolimam
559 1450 710 1527 miserat,
735 1479 799 1518 cnm
821 1462 929 1518 dnobus
953 1462 1109 1532 monachis,
1134 1478 1202 1532 quos
1226 1461 1310 1532 patri·

190 1530 273 1585 archa
291 1548 354 1586 cum
373 1548 412 1587 eo
431 1531 466 1586 ad
478 1549 573 1603 regem
586 1533 669 1601 misit,
681 1531 800 1588 Romam
812 1534 903 1604 venit;
922 1533 970 1602 qui
981 1532 1180 1589 benedictionis
1222 1532 1311 1588 tatia

190 1601 280 1656 claves
298 1602 456 1671 sepulchriu
478 1602 616 1658 Dominici
642 1621 674 1658 ac
698 1603 753 1659 loci
779 1604 914 1658 calvariae
939 1620 1002 1659 cnm
1025 1603 1125 1658 vexillo
1143 1602 1178 1659 de
1221 1608 1309 1659 eruut.

190 1671 265 1743 Quos
289 1689 338 1726 rex
364 1673 482 1745 benigne
499 1691 584 1730 susce
590 1679 698 1744 ptosv
720 1691 784 1744 per
801 1675 930 1744 aliquot!
949 1674 1007 1730 dies
1025 1691 1118 1730 secum
1136 1674 1265 1734 detinuit
1283 1678 1312 1729 et

189 1748 302 1814 redire
325 1749 481 1816 volentes
498 1767 686 1818 remuneratos
705 1763 830 1820 absolvit.

713 2255 786 2329 801.

295 2358 413 2416 ccccl.
450 2359 523 2429 Ipse
540 2365 660 2416 antem
679 2378 742 2415 cum
760 2360 806 2415 die
824 2361 1005 2416 meratissima
1027 2362 1127 2417 natalis
1144 2361 1256 2417 Domini
1273 2361 1309 2417 ad

189 2429 345 2485 missarum
371 2430 537 2485 solemnia
555 2430 759 2486 celebranda
783 2431 961 2487 basilicam
990 2431 1065 2488 beati
1090 2431 1167 2487 Petri
1191 2431 1308 2515 apostoli

188 2499 305 2555 fuisset
323 2501 496 2571 ingressus
514 2505 548 2556 et
566 2517 677 2556 coram
695 2502 812 2571 altari,
839 2502 897 2557 ubi
921 2501 962 2558 a'd
980 2502 1138 2558 oraticnem
1157 2519 1191 2558 se
1208 2503 1307 2558 incli-

187 2576 343 2640 naverat,
377 2570 585 2642 adsisterett,
612 2571 671 2627 Leo
718 2588 771 2642 apa
800 2588 931 2628 coronam
958 2573 1042 2643 capiti
1069 2573 1127 2628 eius
1154 2571 1307 2644 inposuitb‚

188 2647 286 2696 cuncto
304 2640 495 2698 Romanorum
519 2643 623 2726 populo
648 2589 855 2699 edcfamante:
881 2642 1021 2700 ‘Ru-0100
1050 2648 1183 2718 augusto,
1208 2660 1226 2699 a
1247 2643 1306 2698 Deo

188 2716 319 2768 coronato
422 2728 439 2766 0
458 2718 487 2768 et
504 2712 618 2783 pacifico
641 2713 802 2784 imperatori
818 2713 1018 2784 Romanorum,
1042 2715 1099 2770 vita
1123 2718 1152 2771 et
1169 2714 1285 2770 victoria
1292 2715 1308 2768 1·

187 2782 255 2837 Post
278 2729 484 2853 quffludes
509 2784 544 2840 ab
570 2783 695 2840 ecdem
719 2785 903 2854 pontifice
928 2801 1005 2840 more
1032 2785 1207 2855 antiquorum
1234 2784 1308 2855 priu-

116 2906 119 2912 .
186 2853 278 2924 cipum
296 2853 425 2908 moratus
443 2860 485 2909 est
503 2871 539 2909 sc
557 2854 691 2910 deinde
710 2855 844 2910 omisso
861 2855 971 2926 patricii
988 2856 1100 2912 nomine
1117 2855 1308 2926 imperatoret

185 2927 318 2995 augustus
335 2923 488 2994 appellatus
507 2931 556 2982 est.
1232 2940 1237 2952 ·

183 4260 207 4308 q)
220 4258 279 4309 peni
294 4204 422 4309 'apsilis'
437 4205 457 4247 θ’
470 4204 664 4307 ξῗοῗῖιιῗιῖἑοὲ.
680 4258 699 4300 a
766 4257 786 4304 ι)
799 4255 902 4299 aarum
911 4277 937 4287 -
947 4261 997 4297 sm
1009 4258 1084 4296 am
1097 4258 1117 4300 e.
1132 4259 1151 4301 a
1215 4263 1232 4310 t)
1244 4261 1304 4301 rure-

182 4308 279 4352 iurando
293 4311 312 4353 t.
326 4311 347 4354 i.
409 4311 433 4359 n)
447 4310 544 4362 sepulcri
558 4314 577 4354 1.
591 4310 610 4353 7.
665 4308 689 4361 v)
702 4311 805 4359 receptos
820 4311 839 4353 1.
852 4309 872 4354 t.
926 4308 956 4359 w)
969 4309 1057 4358 sliquos
1072 4313 1090 4355 1.
1104 4311 1127 4353 ³.
1140 4312 1160 4354 7.

289 4365 336 4407 001.
363 4363 386 4415 a)
399 4363 505 4408 assiste.
519 4363 539 4406 6.
552 4364 573 4408 i.
639 4362 663 4413 b)
677 4363 754 4412 impos.
768 4362 789 4402 t.
803 4362 823 4405 ⁸.
836 4363 856 4406 t.
919 4360 1034 4413 cjcasnio
1047 4362 1067 4407 t.

1071 4453 1089 4507 8
