3030 4944
422 338 620 396 armas
638 338 672 410 Q.
692 340 724 397 o.
743 338 947 395 mansam.
984 339 1019 395 s.
1031 341 1164 397 nerra
1332 341 1368 397 es

240 535 322 590 dico
340 492 551 606 praesidio¹
576 539 675 591 relicto
693 535 771 606 ipse
789 535 818 590 in
836 533 983 591 Galliam
1006 551 1131 590 reversus
1150 534 1180 588 in
1201 521 1287 586 villa
1310 532 1367 587 He·

238 625 375 679 ristsllior
402 612 580 678 hiemavit.
887 614 889 617 ’

770 1223 839 1296 ΠἹ.

345 1347 566 1405 nccaxxvn.
604 1347 665 1404 Rex
688 1338 800 1423 prima
821 1337 911 1402 veris
935 1336 1156 1422 adspirante·
1175 1337 1366 1423 temperie²

237 1426 525 1511 Noviomagnmi.
543 1426 722 1511 profectus
745 1418 819 1492 estb
849 1440 993 1507 etpost
1018 1437 1203 1501 celebratam
1228 1436 1365 1493 ibidem

236 1527 390 1598 paschalis
409 1526 500 1581 festi
517 1527 830 1581 sollemnitateme
851 1517 993 1598 propter
1008 1513 1363 1580 fmudulenbasflaxo·

237 1625 321 1668 num
356 1603 616 1687 promissiones,
652 1602 778 1691 quibus
813 1603 917 1668 fldem
952 1602 1080 1668 habere
1114 1622 1186 1667 non
1215 1605 1362 1688 poterat,

237 1688 272 1742 ad
290 1688 424 1756 locum⁴,
449 1687 498 1755 qui
522 1684 893 1753 paremniacum,
918 1685 1129 1757 generalem
1155 1686 1285 1756 populi
1310 1684 1365 1739 sui

237 1781 417 1831 conventum
435 1775 471 1828 in
490 1792 530 1830 eo
548 1775 712 1830 habituras
729 1784 807 1828 cum
822 1763 959 1848 ingenti
973 1763 1129 1828 exercitu
1156 1774 1186 1827 in
1209 1772 1363 1828 Saxoniam

236 1865 433 1935 profectus
461 1868 523 1921 est.
570 1852 621 1917 'ao
645 1873 724 1916 cum
747 1853 908 1927 venisset,
932 1854 1048 1915 totum
1072 1851 1225 1936 perfidae
1248 1850 1363 1935 gentis

237 1945 394 2008 senatum
420 1960 461 2005 ac
484 1940 663 2025 populum,
687 1960 790 2024 quem
814 1939 858 2004 ad
882 1958 918 2004 se
942 1941 1059 2004 venire
1082 1940 1240 2017 iusserat,
1264 1939 1363 2004 mori·

237 2050 357 2113 gerum
388 2050 429 2094 ac
459 2029 635 2094 fallaciter
665 2029 732 2093 sibi
756 2029 920 2093 devotum
944 2028 1089 2093 invenit.
1127 2039 1214 2095 Nom
1238 2039 1364 2094 cuncti

236 2130 279 2185 sd
304 2148 381 2185 enm
399 2133 536 2184 venerunt
553 2133 704 2200 praeter
726 2127 988 2198 widokindum,
1013 2130 1121 2181 unum
1145 2136 1186 2181 ex
1210 2116 1363 2201 primori·

237 2208 301 2273 bns
325 2201 635 2284 westfalaorumf,
668 2216 729 2287 qui
758 2205 948 2271 multorum
979 2206 1045 2270 sibi
1068 2206 1264 2271 facinorum
1287 2225 1363 2270 con·

237 2297 328 2361 scius
359 2300 394 2361 et
422 2295 468 2362 ob
491 2296 527 2360 id
551 2316 668 2380 regem
690 2296 843 2360 veritns⁸
870 2306 912 2361 sd
931 2286 1158 2378 Sigiiridnm¹¹
1180 2304 1363 2359 Danorum

143 2379 381 2463 'esteroi‘gem
399 2377 614 2450 profugerat.
644 2377 802 2446 (leterii,
820 2379 883 2448 qni
900 2381 1094 2446 venerant,
1113 2377 1148 2431 in
1166 2379 1308 2430 tantum
1327 2392 1362 2430 se

237 2467 337 2521 regis
371 2449 575 2520 potestatik
610 2449 828 2520 permisere,
863 2452 901 2502 ut
927 2465 968 2504 ea
1000 2445 1241 2503 condicione¹
1276 2451 1362 2501 tnnc

239 2523 379 2577 veniam
405 2522 606 2591 acciperem
631 2524 880 2589 mererentur,
906 2519 929 2573 si
953 2518 1109 2575 ulterius
1134 2535 1196 2573 sua
1220 2520 1363 2572 statuta
1447 2556 1448 2559 ,

236 2593 442 2661 violarent,
460 2596 515 2646 et¹¹
531 2592 654 2662 patria
673 2591 895 2647 etlibsrtate
912 2590 1187 2661 privarenturo.
1213 2588 1363 2658 Baptizato

238 2688 345 2736 estex
364 2681 416 2735 eis
433 2681 557 2735 ibidem
575 2678 890 2748 maximamnltitndo,
908 2696 992 2748 quae
1010 2679 1066 2746 se⁶‚
1087 2665 1244 2750 quamvis
1261 2665 1361 2742 false,

237 2752 428 2807 christianam
447 2751 536 2806 fieri
560 2752 631 2806 velle
656 2751 861 2821 promiserat.
897 2749 997 2804 Venit
1022 2749 1132 2805 eodem
1157 2749 1194 2803 in
1218 2748 1299 2802 loco
1324 2764 1363 2802 ac

238 2828 307 2878 tem
341 2840 403 2879 ore
430 2822 466 2877 ad
501 2823 620 2893 regist)
683 2822 907 2876 raesentism
934 2819 969 2875 de
997 2820 1152 2890 thanias
1184 2818 1363 2874 Sarracenos

237 2895 297 2964 qui
331 2912 383 2948 am
400 2893 628 2950 nominerin
691 2893 799 2947 Ambit
822 2890 1237 2947 cumaliisSarracenis
1261 2889 1362 2944 sociis

237 2984 326 3050 suis,
353 2972 482 3037 dedens
513 2991 549 3036 se
578 2992 616 3035 ac
648 2971 824 3047 civitates,
856 2968 981 3053 quibus
1011 2990 1090 3034 enm
1120 2988 1180 3032 rex
1208 2966 1361 3031 Sarrace-

237 3478 261 3530 y)
275 3479 401 3535 heristallio
415 3480 440 3529 ῖς
457 3427 535 3522 heristi
548 3479 568 3522 8.
582 3427 607 3530 (ἐς
621 3426 732 3518 heridttdll
746 3476 767 3520 8.
899 3521 901 3525 7
1378 3485 1380 3487 ’

343 3534 390 3575 l'l'i.
417 3535 440 3580 ι)
453 3532 522 3582 aspir.
535 3532 555 3574 8.
568 3531 589 3574 a.
602 3531 622 3574 τ.
635 3530 655 3574 8.
736 3528 864 3580 bunut.
931 3526 1218 3579 o)so11onpn³.o.as.
1287 3526 1311 3574 d)
1324 3535 1363 3574 pa·

236 3583 337 3626 drebrun
363 3587 387 3637 ¹3
422 3582 571 3635 padabmnno
590 3583 616 3637 ⁸3
655 3583 825 3634 patherbrunne
848 3583 876 3633 ὅς
909 3579 1057 3632 padrabunno
1080 3582 1105 3633 ῖς
1125 3579 1322 3631 'pathalbrunnon
1343 3579 1363 3621 8,

236 3643 258 3688 s)
272 3637 441 3678 unidlchlndnm
449 3640 468 3681 1.
477 3639 502 3690 ²3
521 3634 677 3680 unidlkindnrn
690 3637 715 3688 ὃς
735 3633 886 3676 uultlklndum
899 3636 925 3686 ῦς
941 3634 1108 3675 nainlchlndurn
1117 3633 1143 3683 ὓς
1157 3632 1327 3673 nnlndlehinurn
1337 3632 1362 3680 ῖς

236 3689 386 3732 uurdokincos
399 3691 419 3735 8.
461 3691 656 3740 οιιιιιιῐιίοηιιιι
669 3691 689 3733 t.
702 3691 722 3733 6.
737 3691 756 3732 l.
796 3690 820 3738 ι)
833 3688 920 3730 neritus
934 3699 1011 3740 regem
1024 3688 1044 3730 t.
1058 3689 1078 3730 ¹1.
1119 3686 1144 3734 h)
1157 3683 1289 3737 sigefridum
1303 3684 1322 3726 8.
1336 3684 1362 3732 d;

236 3745 338 3785 sifridum
351 3745 371 3787 8.
439 3743 457 3794 l)
470 3746 556 3786 caeteri
570 3746 589 3786 1.
603 3744 622 3787 8.
637 3743 657 3787 ³.
725 3743 750 3791 k)
764 3746 875 3792 potestate
889 3742 910 3785 8.
976 3742 994 3790 l)
1008 3736 1092 3782 condit
1106 3740 1126 3782 8.
1140 3739 1160 3780 d.
1175 3740 1195 3780 7.
1267 3738 1297 3784 nt)
1311 3746 1362 3788 por·

236 3800 310 3849 cipere
324 3798 343 3841 8.
397 3799 421 3846 ιι)
434 3801 460 3837 ut
473 3797 493 3840 8.
506 3798 527 3840 b.
580 3800 603 3846 ο)
617 3797 733 3848 prlnarent
744 3798 764 3840 1.
774 3797 798 3848 ²3
813 3799 917 3836 carerent
925 3796 945 3838 t.
999 3797 1023 3844 p)
1036 3792 1194 3843 retinniat.
1248 3789 1361 3840 q)1·p.a;

235 3851 300 3903 hysp.
313 3852 333 3895 l.
387 3853 408 3899 r)
421 3846 561 3891 abinalar'abl
575 3851 587 3890 l
594 3863 608 3909 3¹
616 3849 664 3891 ibin
677 3849 749 3890 alarbl
763 3850 782 3892 8.

343 4028 372 4100 1)
399 4028 458 4084 Liv.
483 4027 565 4093 XXI,
586 4030 636 4084 el:
664 4025 800 4096 praesidio
829 4024 985 4080 Tarracone
1018 4021 1127 4077 modico
1160 4021 1257 4077 relicto
1285 4023 1362 4087 (M).

234 4103 264 4166 2)
277 4100 320 4161 Of.
333 4100 412 4166 infra
424 4117 450 4156 a.
459 4101 522 4156 800.
534 4100 597 4155 811.
609 4101 671 4155 813.
683 4100 746 4155 820.
758 4099 813 4156 825
821 4098 896 4164 (dt).
967 4098 996 4164 3)
1013 4096 1181 4161 Nymweqea.
1246 4094 1277 4159 4)
1288 4096 1360 4146 Ano.

234 4169 317 4225 Pulsi.
328 4174 395 4226 777:
414 4169 452 4225 Et
470 4172 621 4225 conventus
638 4168 667 4222 in
679 4167 800 4224 Saxonis
817 4168 926 4222 habitus
944 4167 973 4219 in
985 4167 1055 4232 loco,
1073 4162 1121 4233 qni
1132 4167 1247 4218 vocatur
1259 4162 1361 4217 Padra

234 4241 351 4296 brunno.
457 4245 486 4309 5)
503 4243 534 4295 V.
553 4241 625 4296 Kar.
639 4244 670 4296 7:
689 4244 721 4294 ut
739 4239 942 4297 ..christianae
960 4233 1088 4305 religioni
1106 4251 1135 4290 se
1153 4233 1271 4290 subdere
1288 4233 1361 4287 velle

234 4311 435 4380 promitterent.
1040 4336 1043 4342 ·
1272 4312 1275 4318 ⁴

1127 4417 1146 4470 4
